Time,Price $,Volume,Value $,Market,Condition
4:10:16 PM,69.15,44,3042.6,ASX,
4:10:16 PM,69.15,590,40798.5,ASX,
4:10:16 PM,69.15,1799,124400.85,ASX,
4:10:16 PM,69.15,1751,121081.65,ASX,
4:10:16 PM,69.15,5206,359994.9,ASX,
4:10:16 PM,69.15,73633,5091721.95,ASX,
4:10:16 PM,69.15,3094,213950.1,ASX,
4:10:16 PM,69.15,3653,252604.95,ASX,
4:10:16 PM,69.15,22090,1527523.5,ASX,
4:10:16 PM,69.15,174,12032.1,ASX,
4:10:16 PM,69.15,500,34575,ASX,
4:10:16 PM,69.15,300,20745,ASX,
4:10:16 PM,69.15,8,553.2,ASX,
4:10:16 PM,69.15,2000,138300,ASX,
4:10:16 PM,69.15,100,6915,ASX,
4:10:16 PM,69.15,91,6292.65,ASX,
4:10:16 PM,69.15,358,24755.7,ASX,
4:10:16 PM,69.15,866,59883.9,ASX,
4:10:16 PM,69.15,260,17979,ASX,
4:10:16 PM,69.15,72,4978.8,ASX,
4:10:16 PM,69.15,844,58362.6,ASX,
4:10:16 PM,69.15,14,968.1,ASX,
4:10:16 PM,69.15,500,34575,ASX,
4:10:16 PM,69.15,69,4771.35,ASX,
4:10:16 PM,69.15,100,6915,ASX,
4:10:16 PM,69.15,15,1037.25,ASX,
4:10:16 PM,69.15,866,59883.9,ASX,
4:10:16 PM,69.15,7060,488199,ASX,
4:10:16 PM,69.15,10000,691500,ASX,
4:10:16 PM,69.15,2399,165890.85,ASX,
4:10:16 PM,69.15,1648,113959.2,ASX,
4:10:16 PM,69.15,42575,2944061.25,ASX,
4:10:16 PM,69.15,200,13830,ASX,
4:10:16 PM,69.15,300,20745,ASX,
4:10:16 PM,69.15,500,34575,ASX,
4:10:16 PM,69.15,2140,147981,ASX,
4:10:16 PM,69.15,50,3457.5,ASX,
4:10:16 PM,69.15,150,10372.5,ASX,
4:10:16 PM,69.15,50,3457.5,ASX,
4:10:16 PM,69.15,50,3457.5,ASX,
4:10:16 PM,69.15,13018,900194.7,ASX,
4:10:16 PM,69.15,23719,1640168.85,ASX,
4:10:16 PM,69.15,2605,180135.75,ASX,
4:10:16 PM,69.15,26338,1821272.7,ASX,
4:10:16 PM,69.15,100,6915,ASX,
4:10:16 PM,69.15,582,40245.3,ASX,
4:10:16 PM,69.15,60789,4203559.35,ASX,
4:10:16 PM,69.15,72,4978.8,ASX,
4:10:16 PM,69.15,11,760.65,ASX,
4:10:16 PM,69.15,228,15766.2,ASX,
4:10:16 PM,69.15,1,69.15,ASX,
4:10:16 PM,69.15,1299,89825.85,ASX,
4:10:16 PM,69.15,701,48474.15,ASX,
4:10:16 PM,69.15,651,45016.65,ASX,
4:10:16 PM,69.15,873,60367.95,ASX,
4:10:16 PM,69.15,1352,93490.8,ASX,
4:10:16 PM,69.15,1,69.15,ASX,XT
4:10:16 PM,69.15,4,276.6,ASX,XT
4:10:16 PM,69.15,2,138.3,ASX,XT
4:10:16 PM,69.15,4,276.6,ASX,XT
4:10:16 PM,69.15,3,207.45,ASX,XT
4:10:16 PM,69.15,22522,1557396.3,ASX,
4:10:16 PM,69.15,500,34575,ASX,
4:10:16 PM,69.15,3,207.45,ASX,
4:10:16 PM,69.15,128,8851.2,ASX,
4:10:16 PM,69.15,859,59399.85,ASX,
4:10:16 PM,69.15,2000,138300,ASX,
4:10:16 PM,69.15,43,2973.45,ASX,
4:10:16 PM,69.15,143,9888.45,ASX,
4:10:16 PM,69.15,14,968.1,ASX,
4:10:16 PM,69.15,120,8298,ASX,
4:10:16 PM,69.15,1352,93490.8,ASX,
4:10:16 PM,69.15,144,9957.6,ASX,
4:10:16 PM,69.15,200,13830,ASX,
4:10:16 PM,69.15,144,9957.6,ASX,
4:10:16 PM,69.15,500,34575,ASX,
4:10:16 PM,69.15,4153,287179.95,ASX,
4:10:16 PM,69.15,4676,323345.4,ASX,
4:10:16 PM,69.15,946,65415.9,ASX,
4:10:16 PM,69.15,5431,375553.65,ASX,
4:10:16 PM,69.15,27,1867.05,ASX,
4:10:16 PM,69.15,555,38378.25,ASX,
4:10:16 PM,69.15,16333,1129426.95,ASX,XT
4:10:16 PM,69.15,300,20745,ASX,
4:10:16 PM,69.15,150,10372.5,ASX,
4:10:16 PM,69.15,873,60367.95,ASX,
4:10:16 PM,69.15,250,17287.5,ASX,
4:10:16 PM,69.15,54423,3763350.45,ASX,
4:10:16 PM,69.15,26880,1858752,ASX,
4:10:16 PM,69.15,566,39138.9,ASX,
4:10:16 PM,69.15,20,1383,ASX,
4:10:16 PM,69.15,120,8298,ASX,
4:10:16 PM,69.15,1453,100474.95,ASX,
4:10:16 PM,69.15,20,1383,ASX,
4:10:16 PM,69.15,4458,308270.7,ASX,
4:10:16 PM,69.15,2904,200811.6,ASX,
4:10:16 PM,69.15,13579,938987.85,ASX,
4:10:16 PM,69.15,1000,69150,ASX,
4:10:16 PM,69.15,270,18670.5,ASX,
4:10:16 PM,69.15,18500,1279275,ASX,
4:10:16 PM,69.15,110,7606.5,ASX,
4:10:16 PM,69.15,150,10372.5,ASX,
4:10:16 PM,69.15,1000,69150,ASX,
4:10:16 PM,69.15,28,1936.2,ASX,
4:10:16 PM,69.15,1000,69150,ASX,
4:10:16 PM,69.15,20,1383,ASX,
4:10:16 PM,69.15,25,1728.75,ASX,
4:10:16 PM,69.15,180,12447,ASX,
4:10:16 PM,69.15,140,9681,ASX,
4:10:16 PM,69.15,140,9681,ASX,
4:10:16 PM,69.15,2000,138300,ASX,
4:10:16 PM,69.15,2000,138300,ASX,
4:10:16 PM,69.15,42,2904.3,ASX,
4:10:16 PM,69.15,100,6915,ASX,
4:10:16 PM,69.15,300,20745,ASX,
4:10:16 PM,69.15,14,968.1,ASX,
4:10:16 PM,69.15,500,34575,ASX,
4:10:16 PM,69.15,75,5186.25,ASX,
4:10:16 PM,69.15,140,9681,ASX,
4:10:16 PM,69.15,40,2766,ASX,
4:10:16 PM,69.15,22,1521.3,ASX,
4:10:16 PM,69.15,6,414.9,ASX,
4:10:16 PM,69.15,2000,138300,ASX,
4:10:16 PM,69.15,100,6915,ASX,
4:10:16 PM,69.15,5,345.75,ASX,
4:10:16 PM,69.15,140,9681,ASX,
4:10:16 PM,69.15,200,13830,ASX,
4:10:16 PM,69.15,50,3457.5,ASX,
4:10:16 PM,69.15,500,34575,ASX,
4:10:16 PM,69.15,500,34575,ASX,
4:10:16 PM,69.15,1000,69150,ASX,
4:10:16 PM,69.15,30,2074.5,ASX,
4:10:16 PM,69.15,200,13830,ASX,
4:10:16 PM,69.15,2000,138300,ASX,
4:10:16 PM,69.15,50,3457.5,ASX,
4:10:16 PM,69.15,75,5186.25,ASX,
4:10:16 PM,69.15,500,34575,ASX,
4:10:16 PM,69.15,1000,69150,ASX,
4:10:16 PM,69.15,100,6915,ASX,
4:10:16 PM,69.15,200,13830,ASX,
4:10:16 PM,69.15,71,4909.65,ASX,
4:10:16 PM,69.15,500,34575,ASX,
4:10:16 PM,69.15,25,1728.75,ASX,
4:10:16 PM,69.15,200,13830,ASX,
4:10:16 PM,69.15,144,9957.6,ASX,
4:10:16 PM,69.15,70,4840.5,ASX,
4:10:16 PM,69.15,71,4909.65,ASX,
4:10:16 PM,69.15,100,6915,ASX,
4:10:16 PM,69.15,100,6915,ASX,
4:10:16 PM,69.15,50,3457.5,ASX,
4:10:16 PM,69.15,574,39692.1,ASX,
4:10:16 PM,69.15,200,13830,ASX,
4:10:16 PM,69.15,300,20745,ASX,
4:10:16 PM,69.15,10,691.5,ASX,
4:10:16 PM,69.15,1,69.15,ASX,
4:10:16 PM,69.15,138,9542.7,ASX,
4:10:16 PM,69.15,100,6915,ASX,
4:10:16 PM,69.15,100,6915,ASX,
4:10:16 PM,69.15,500,34575,ASX,
4:10:16 PM,69.15,100,6915,ASX,
4:10:16 PM,69.15,50,3457.5,ASX,
4:10:16 PM,69.15,50,3457.5,ASX,
4:10:16 PM,69.15,100,6915,ASX,
4:10:16 PM,69.15,100,6915,ASX,
4:10:16 PM,69.15,143,9888.45,ASX,
4:10:16 PM,69.15,100,6915,ASX,
4:10:16 PM,69.15,150,10372.5,ASX,
4:10:16 PM,69.15,10,691.5,ASX,
4:10:16 PM,69.15,21,1452.15,ASX,
4:10:16 PM,69.15,40,2766,ASX,
4:10:16 PM,69.15,100,6915,ASX,
4:10:16 PM,69.15,30,2074.5,ASX,
4:10:16 PM,69.15,79,5462.85,ASX,
4:10:16 PM,69.15,2,138.3,ASX,
4:10:16 PM,69.15,435,30080.25,ASX,
4:10:16 PM,69.15,12,829.8,ASX,
4:10:16 PM,69.15,250,17287.5,ASX,
4:10:16 PM,69.15,10,691.5,ASX,
4:10:16 PM,69.15,11000,760650,ASX,
4:10:16 PM,69.15,500,34575,ASX,
4:10:16 PM,69.15,100,6915,ASX,
4:10:16 PM,69.15,50,3457.5,ASX,
4:10:16 PM,69.15,874,60437.1,ASX,
4:10:16 PM,69.15,14496,1002398.4,ASX,
4:10:16 PM,69.15,11866,820533.9,ASX,
4:10:16 PM,69.15,150,10372.5,ASX,
4:10:16 PM,69.15,14,968.1,ASX,
4:10:16 PM,69.15,75,5186.25,ASX,
4:10:16 PM,69.15,1000,69150,ASX,
4:10:16 PM,69.15,200,13830,ASX,
4:10:16 PM,69.15,50,3457.5,ASX,
4:10:16 PM,69.15,60,4149,ASX,
4:10:16 PM,69.15,25,1728.75,ASX,
4:10:16 PM,69.15,21720,1501938,ASX,
4:10:16 PM,69.15,300,20745,ASX,
4:10:16 PM,69.15,500,34575,ASX,
4:10:16 PM,69.15,30,2074.5,ASX,
4:10:16 PM,69.15,1000,69150,ASX,
4:10:16 PM,69.15,28,1936.2,ASX,
4:10:16 PM,69.15,145,10026.75,ASX,
4:10:16 PM,69.15,71,4909.65,ASX,
4:10:16 PM,69.15,71,4909.65,ASX,
4:10:16 PM,69.15,35,2420.25,ASX,
4:10:16 PM,69.15,100,6915,ASX,
4:10:16 PM,69.15,468,32362.2,ASX,
4:10:16 PM,69.15,1077,74474.55,ASX,
4:10:16 PM,69.15,143,9888.45,ASX,
4:10:16 PM,69.15,143,9888.45,ASX,
4:10:16 PM,69.15,150,10372.5,ASX,
4:10:16 PM,69.15,873,60367.95,ASX,
4:10:16 PM,69.15,100,6915,ASX,
4:10:16 PM,69.15,43,2973.45,ASX,
4:10:16 PM,69.15,43,2973.45,ASX,
4:10:16 PM,69.15,150,10372.5,ASX,
4:10:16 PM,69.15,50,3457.5,ASX,
4:10:16 PM,69.15,71,4909.65,ASX,
4:10:16 PM,69.15,14,968.1,ASX,
4:10:16 PM,69.15,1000,69150,ASX,
4:10:16 PM,69.15,100,6915,ASX,
4:10:16 PM,69.15,100,6915,ASX,
4:10:16 PM,69.15,300,20745,ASX,
4:10:16 PM,69.15,100,6915,ASX,
4:10:16 PM,69.15,290,20053.5,ASX,
4:10:16 PM,69.15,250,17287.5,ASX,
4:10:16 PM,69.15,71,4909.65,ASX,
4:10:16 PM,69.15,290,20053.5,ASX,
4:10:16 PM,69.15,500,34575,ASX,
4:10:16 PM,69.15,143,9888.45,ASX,
4:10:16 PM,69.15,17,1175.55,ASX,
4:10:16 PM,69.15,42,2904.3,ASX,
4:10:16 PM,69.15,1436,99299.4,ASX,
4:10:16 PM,69.15,71,4909.65,ASX,
4:10:16 PM,69.15,250,17287.5,ASX,
4:10:16 PM,69.15,70,4840.5,ASX,
4:10:16 PM,69.15,300,20745,ASX,
4:10:16 PM,69.15,50,3457.5,ASX,
4:10:16 PM,69.15,216,14936.4,ASX,
4:10:16 PM,69.15,600,41490,ASX,
4:10:16 PM,69.15,35125,2428893.75,ASX,
4:10:16 PM,69.15,10,691.5,ASX,
4:10:16 PM,69.15,211,14590.65,ASX,
4:10:16 PM,69.15,3708,256408.2,ASX,
4:10:16 PM,69.15,1761,121773.15,ASX,
4:10:16 PM,69.15,20,1383,ASX,
4:10:16 PM,69.15,32,2212.8,ASX,
4:10:16 PM,69.15,48,3319.2,ASX,
4:10:16 PM,69.15,25,1728.75,ASX,
4:10:16 PM,69.15,2777,192029.55,ASX,
4:10:16 PM,69.15,3190,220588.5,ASX,
4:10:16 PM,69.15,1841,127305.15,ASX,
4:10:16 PM,69.15,10000,691500,ASX,
4:10:16 PM,69.15,312,21574.8,ASX,
4:10:16 PM,69.15,306,21159.9,ASX,
4:10:16 PM,69.15,836,57809.4,ASX,
4:10:16 PM,69.15,8159,564194.85,ASX,
4:10:16 PM,69.15,14,968.1,ASX,
4:10:16 PM,69.15,150,10372.5,ASX,
4:10:16 PM,69.15,215,14867.25,ASX,
4:10:16 PM,69.15,300,20745,ASX,
4:10:16 PM,69.15,500,34575,ASX,
4:10:16 PM,69.15,2000,138300,ASX,
4:10:16 PM,69.15,287,19846.05,ASX,
4:10:16 PM,69.15,100,6915,ASX,
4:10:16 PM,69.15,400,27660,ASX,
4:10:16 PM,69.15,250,17287.5,ASX,
4:10:16 PM,69.15,7560,522774,ASX,
4:10:16 PM,69.15,3338,230822.7,ASX,
4:10:16 PM,69.15,500,34575,ASX,
4:10:16 PM,69.15,20,1383,ASX,
4:10:16 PM,69.15,28126,1944912.9,ASX,
4:10:16 PM,69.15,626,43287.9,ASX,
4:10:16 PM,69.15,3,207.45,ASX,
4:10:16 PM,69.15,890,61543.5,ASX,XT
4:10:16 PM,69.15,385,26622.75,ASX,
4:10:16 PM,69.15,5295,366149.25,ASX,
4:10:16 PM,69.15,1267,87613.05,ASX,XT
4:10:16 PM,69.15,144,9957.6,ASX,
4:10:16 PM,69.15,3,207.45,ASX,
4:10:16 PM,69.15,2000,138300,ASX,
4:10:16 PM,69.15,2500,172875,ASX,
4:10:16 PM,69.15,17293,1195810.95,ASX,XT
4:10:16 PM,69.15,2534,175226.1,ASX,
4:10:16 PM,69.15,60,4149,ASX,
4:10:16 PM,69.15,213,14728.95,ASX,
4:10:16 PM,69.15,1034,71501.1,ASX,
4:10:16 PM,69.15,100,6915,ASX,
4:10:16 PM,69.15,873,60367.95,ASX,
4:10:16 PM,69.15,4,276.6,ASX,
4:10:16 PM,69.15,1540,106491,ASX,
4:10:16 PM,69.15,500,34575,ASX,
4:10:16 PM,69.15,200,13830,ASX,
4:10:16 PM,69.15,1319,91208.85,ASX,
4:10:16 PM,69.15,32545,2250486.75,ASX,
4:10:16 PM,69.15,500,34575,ASX,
4:10:16 PM,69.15,4381,302946.15,ASX,
4:10:16 PM,69.15,300,20745,ASX,
4:10:16 PM,69.15,3288,227365.2,ASX,
4:10:16 PM,69.15,7667,530173.05,ASX,
4:10:16 PM,69.15,6104,422091.6,ASX,
4:10:16 PM,69.15,4379,302807.85,ASX,
4:10:16 PM,69.15,8,553.2,ASX,
4:10:16 PM,69.15,100,6915,ASX,
4:10:16 PM,69.15,500,34575,ASX,
4:10:16 PM,69.15,250,17287.5,ASX,
4:10:16 PM,69.15,150,10372.5,ASX,
4:10:16 PM,69.15,100,6915,ASX,
4:10:16 PM,69.15,50,3457.5,ASX,
4:10:16 PM,69.15,100,6915,ASX,
4:10:16 PM,69.15,100,6915,ASX,
4:10:16 PM,69.15,150,10372.5,ASX,
4:10:16 PM,69.15,71,4909.65,ASX,
4:10:16 PM,69.15,250,17287.5,ASX,
4:10:16 PM,69.15,23,1590.45,ASX,
4:10:16 PM,69.15,2500,172875,ASX,
4:10:16 PM,69.15,30,2074.5,ASX,
4:10:16 PM,69.15,906,62649.9,ASX,
4:10:16 PM,69.15,873,60367.95,ASX,
4:10:16 PM,69.15,13356,923567.4,ASX,
4:10:16 PM,69.15,15162,1048452.3,ASX,
4:10:16 PM,69.15,8065,557694.75,ASX,
4:10:16 PM,69.15,10784,745713.6,ASX,
4:10:16 PM,69.15,4374,302462.1,ASX,
4:10:16 PM,69.15,8749,604993.35,ASX,
4:10:16 PM,69.15,3499,241955.85,ASX,
4:10:16 PM,69.15,58,4010.7,ASX,
4:10:16 PM,69.15,23932,1654897.8,ASX,
4:10:16 PM,69.15,4524,312834.6,ASX,
4:10:16 PM,69.15,14,968.1,ASX,
4:10:16 PM,69.15,14,968.1,ASX,
4:10:16 PM,69.15,14000,968100,ASX,
4:10:16 PM,69.15,28,1936.2,ASX,
4:10:16 PM,69.15,6,414.9,ASX,
4:10:16 PM,69.15,4138,286142.7,ASX,
4:10:16 PM,69.15,686,47436.9,ASX,
4:10:16 PM,69.15,73,5047.95,ASX,
4:10:16 PM,69.15,50,3457.5,ASX,
4:10:16 PM,69.15,15,1037.25,ASX,
4:10:16 PM,69.15,74,5117.1,ASX,
4:10:16 PM,69.15,11,760.65,ASX,
4:10:16 PM,69.15,3111,215125.65,ASX,
4:10:16 PM,69.15,2077,143624.55,ASX,
4:10:16 PM,69.15,179,12377.85,ASX,
4:10:16 PM,69.15,41104,2842341.6,ASX,
4:10:16 PM,69.15,49749,3440143.35,ASX,
4:10:16 PM,69.15,2000,138300,ASX,
4:10:16 PM,69.15,700,48405,ASX,
4:10:16 PM,69.15,11474,793427.1,ASX,
4:10:16 PM,69.15,251,17356.65,ASX,
4:10:16 PM,69.15,10000,691500,ASX,
4:10:16 PM,69.15,70,4840.5,ASX,
4:10:16 PM,69.15,250,17287.5,ASX,
4:10:16 PM,69.15,42,2904.3,ASX,
4:10:16 PM,69.15,2000,138300,ASX,
4:10:16 PM,69.15,71,4909.65,ASX,
4:10:16 PM,69.15,250,17287.5,ASX,
4:10:16 PM,69.15,250,17287.5,ASX,
4:10:16 PM,69.15,873,60367.95,ASX,
4:10:16 PM,69.15,4370,302185.5,ASX,
4:10:16 PM,69.15,676,46745.4,ASX,
4:10:16 PM,69.15,7363,509151.45,ASX,
4:10:16 PM,69.15,922,63756.3,ASX,
4:10:16 PM,69.15,500,34575,ASX,
4:10:16 PM,69.15,77,5324.55,ASX,
4:10:16 PM,69.15,2000,138300,ASX,
4:10:16 PM,69.15,20189,1396069.35,ASX,
4:10:16 PM,69.15,888,61405.2,ASX,
4:10:16 PM,69.15,3479,240572.85,ASX,
4:10:16 PM,69.15,14,968.1,ASX,
4:10:16 PM,69.15,142,9819.3,ASX,
4:10:16 PM,69.15,10,691.5,ASX,
4:10:16 PM,69.15,241,16665.15,ASX,
4:10:16 PM,69.15,159,10994.85,ASX,
4:10:16 PM,69.15,1000,69150,ASX,
4:10:16 PM,69.15,70,4840.5,ASX,
4:10:16 PM,69.15,71,4909.65,ASX,
4:10:16 PM,69.15,50,3457.5,ASX,
4:10:16 PM,69.15,1000,69150,ASX,
4:10:16 PM,69.15,1000,69150,ASX,
4:10:16 PM,69.15,629,43495.35,ASX,
4:10:16 PM,69.15,371,25654.65,ASX,
4:10:16 PM,69.15,14,968.1,ASX,
4:10:16 PM,69.15,150,10372.5,ASX,
4:10:16 PM,69.15,30,2074.5,ASX,
4:10:16 PM,69.15,54,3734.1,ASX,
4:10:16 PM,69.15,446,30840.9,ASX,
4:10:16 PM,69.15,7,484.05,ASX,
4:10:16 PM,69.15,150,10372.5,ASX,
4:10:16 PM,69.15,142,9819.3,ASX,
4:10:16 PM,69.15,35,2420.25,ASX,
4:10:16 PM,69.15,500,34575,ASX,
4:10:16 PM,69.15,100,6915,ASX,
4:10:16 PM,69.15,700,48405,ASX,
4:10:16 PM,69.15,25,1728.75,ASX,
4:10:16 PM,69.15,25,1728.75,ASX,
4:10:16 PM,69.15,350,24202.5,ASX,
4:10:16 PM,69.15,100,6915,ASX,
4:10:16 PM,69.15,28,1936.2,ASX,
4:10:16 PM,69.15,100,6915,ASX,
4:10:16 PM,69.15,100,6915,ASX,
4:10:16 PM,69.15,500,34575,ASX,
4:10:16 PM,69.15,28,1936.2,ASX,
4:10:16 PM,69.15,71,4909.65,ASX,
4:10:16 PM,69.15,28,1936.2,ASX,
4:10:16 PM,69.15,35,2420.25,ASX,
4:10:16 PM,69.15,14,968.1,ASX,
4:10:16 PM,69.15,20,1383,ASX,
4:10:16 PM,69.15,72,4978.8,ASX,
4:10:16 PM,69.15,457,31601.55,ASX,
4:10:16 PM,69.15,236,16319.4,ASX,
4:10:16 PM,69.15,307,21229.05,ASX,
4:10:16 PM,69.15,1305,90240.75,ASX,
4:10:16 PM,69.15,313,21643.95,ASX,
4:10:16 PM,69.15,4401,304329.15,ASX,
4:10:16 PM,69.15,873,60367.95,ASX,
4:10:16 PM,69.15,2582,178545.3,ASX,
4:10:16 PM,69.15,3964,274110.6,ASX,
4:10:16 PM,69.15,286,19776.9,ASX,
4:10:16 PM,69.15,40,2766,ASX,
4:10:16 PM,69.15,1378,95288.7,ASX,
4:10:16 PM,69.15,914,63203.1,ASX,
4:10:16 PM,69.15,16991,1174927.65,ASX,
4:10:16 PM,69.15,4554,314909.1,ASX,
4:10:16 PM,69.15,957,66176.55,ASX,
4:10:16 PM,69.15,1956,135257.4,ASX,
4:10:16 PM,69.15,1093,75580.95,ASX,
4:10:16 PM,69.15,922,63756.3,ASX,
4:10:16 PM,69.15,396,27383.4,ASX,
4:10:16 PM,69.15,100,6915,ASX,
4:10:16 PM,69.15,2452,169555.8,ASX,
4:10:16 PM,69.15,95,6569.25,ASX,
4:10:16 PM,69.15,550,38032.5,ASX,
4:10:16 PM,69.15,657,45431.55,ASX,
4:10:16 PM,69.15,9302,643233.3,ASX,
4:10:16 PM,69.15,4361,301563.15,ASX,
4:10:16 PM,69.15,14,968.1,ASX,
4:10:16 PM,69.15,534,36926.1,ASX,
4:10:16 PM,69.15,14279,987392.85,ASX,
4:10:16 PM,69.15,939,64931.85,ASX,
4:10:16 PM,69.15,400,27660,ASX,
4:10:16 PM,69.15,70,4840.5,ASX,
4:10:16 PM,69.15,35,2420.25,ASX,
4:10:16 PM,69.15,1848,127789.2,ASX,
4:10:16 PM,69.15,2710,187396.5,ASX,
4:10:16 PM,69.15,1944,134427.6,ASX,
4:10:16 PM,69.15,4359,301424.85,ASX,
4:10:16 PM,69.15,20,1383,ASX,
4:10:16 PM,69.15,4487,310276.05,ASX,
4:10:16 PM,69.15,534,36926.1,ASX,
4:10:16 PM,69.15,11974,828002.1,ASX,
4:10:16 PM,69.15,33000,2281950,ASX,
4:10:16 PM,69.15,873,60367.95,ASX,XT
4:10:16 PM,69.15,356,24617.4,ASX,
4:10:16 PM,69.15,4354,301079.1,ASX,
4:10:16 PM,69.15,1741,120390.15,ASX,
4:10:16 PM,69.15,1866,129033.9,ASX,
4:10:16 PM,69.15,1850,127927.5,ASX,
4:10:16 PM,69.15,637,44048.55,ASX,
4:10:16 PM,69.15,963,66591.45,ASX,
4:10:16 PM,69.15,520,35958,ASX,
4:10:16 PM,69.15,338,23372.7,ASX,
4:10:16 PM,69.15,2531,175018.65,ASX,
4:10:16 PM,69.15,957,66176.55,ASX,
4:10:16 PM,69.15,899,62165.85,ASX,
4:10:16 PM,69.15,101,6984.15,ASX,
4:10:16 PM,69.15,1000,69150,ASX,
4:10:16 PM,69.15,400,27660,ASX,
4:10:16 PM,69.15,873,60367.95,ASX,
4:10:16 PM,69.15,4350,300802.5,ASX,
4:10:16 PM,69.15,1740,120321,ASX,
4:10:16 PM,69.15,1821,125922.15,ASX,
4:10:16 PM,69.15,500,34575,ASX,
4:10:16 PM,69.15,200,13830,ASX,
4:10:16 PM,69.15,5922,409506.3,ASX,
4:10:16 PM,69.15,78,5393.7,ASX,
4:10:16 PM,69.15,76,5255.4,ASX,
4:10:16 PM,69.15,401,27729.15,ASX,
4:10:16 PM,69.15,2154,148949.1,ASX,
4:10:16 PM,69.15,1715,118592.25,ASX,
4:10:16 PM,69.15,1738,120182.7,ASX,
4:10:16 PM,69.15,13526,935322.9,ASX,
4:10:16 PM,69.15,2172,150193.8,ASX,
4:10:16 PM,69.15,4344,300387.6,ASX,
4:10:16 PM,69.15,873,60367.95,ASX,
4:10:16 PM,69.15,975,67421.25,ASX,
4:10:16 PM,69.15,6212,429559.8,ASX,
4:10:16 PM,69.15,5204,359856.6,ASX,
4:10:16 PM,69.15,3584,247833.6,ASX,
4:10:16 PM,69.15,25818,1785314.7,ASX,
4:10:16 PM,69.15,873,60367.95,ASX,
4:10:16 PM,69.15,110,7606.5,ASX,
4:10:16 PM,69.15,35819,2476883.85,ASX,
4:10:16 PM,69.15,825,57048.75,ASX,
4:10:16 PM,69.15,1379,95357.85,ASX,
4:10:16 PM,69.15,16754,1158539.1,ASX,
4:10:16 PM,69.15,2976,205790.4,ASX,
4:10:16 PM,69.15,111,7675.65,ASX,
4:10:16 PM,69.15,206,14244.9,ASX,
4:10:16 PM,69.15,65908,4557538.2,ASX,
4:10:16 PM,69.15,2909,201157.35,ASX,
4:10:16 PM,69.15,12,829.8,ASX,
4:10:16 PM,69.15,92,6361.8,ASX,
4:10:16 PM,69.15,250,17287.5,ASX,
4:10:16 PM,69.15,993,68665.95,ASX,
4:10:16 PM,69.15,873,60367.95,ASX,
4:10:16 PM,69.15,12934,894386.1,ASX,
4:10:16 PM,69.15,500,34575,ASX,
4:10:16 PM,69.15,2293,158560.95,ASX,
4:10:16 PM,69.15,1012,69979.8,ASX,
4:10:16 PM,69.15,1031,71293.65,ASX,
4:10:16 PM,69.15,140,9681,ASX,
4:10:16 PM,69.15,1051,72676.65,ASX,
4:10:16 PM,69.15,120,8298,ASX,
4:10:16 PM,69.15,8,553.2,ASX,
4:10:16 PM,69.15,14,968.1,ASX,
4:10:16 PM,69.15,1000,69150,ASX,
4:10:16 PM,69.15,1071,74059.65,ASX,
4:10:16 PM,69.15,1091,75442.65,ASX,
4:10:16 PM,69.15,4658,322100.7,ASX,
4:10:16 PM,69.15,853,58984.95,ASX,
4:10:16 PM,69.15,9143,632238.45,ASX,
4:10:16 PM,69.15,72918,5042279.7,ASX,
4:10:16 PM,69.15,1112,76894.8,ASX,
4:10:16 PM,69.15,985,68112.75,ASX,
4:10:16 PM,69.15,2462,170247.3,ASX,
4:10:16 PM,69.15,1642,113544.3,ASX,
4:10:16 PM,69.15,4104,283791.6,ASX,
4:10:16 PM,69.15,4105,283860.75,ASX,
4:10:16 PM,69.15,4104,283791.6,ASX,
4:10:16 PM,69.15,4761,329223.15,ASX,
4:10:16 PM,69.15,4105,283860.75,ASX,
4:10:16 PM,69.15,3448,238429.2,ASX,
4:10:16 PM,69.15,4104,283791.6,ASX,
4:10:16 PM,69.15,23,1590.45,ASX,
4:10:16 PM,69.15,230,15904.5,ASX,
4:10:16 PM,69.15,63,4356.45,ASX,XT
4:10:16 PM,69.15,1134,78416.1,ASX,
4:10:16 PM,69.15,2000,138300,ASX,
4:10:16 PM,69.15,4766,329568.9,ASX,
4:10:16 PM,69.15,11784,814863.6,ASX,
4:10:16 PM,69.15,7080,489582,ASX,
4:10:16 PM,69.15,4140,286281,ASX,
4:10:16 PM,69.15,1978,136778.7,ASX,
4:10:16 PM,69.15,73,5047.95,ASX,
4:10:16 PM,69.15,34,2351.1,ASX,
4:10:16 PM,69.15,984,68043.6,ASX,
4:10:16 PM,69.15,30940,2139501,ASX,
4:10:16 PM,69.15,5,345.75,ASX,
4:10:16 PM,69.15,828,57256.2,ASX,
4:10:16 PM,69.15,65,4494.75,ASX,
4:10:16 PM,69.15,24988,1727920.2,ASX,
4:10:16 PM,69.15,15025,1038978.75,ASX,
4:10:16 PM,69.15,13513,934423.95,ASX,
4:10:16 PM,69.15,28516,1971881.4,ASX,
4:10:16 PM,69.15,22,1521.3,ASX,
4:10:16 PM,69.15,64,4425.6,ASX,
4:10:16 PM,69.15,35,2420.25,ASX,XT
4:10:16 PM,69.15,5144,355707.6,ASX,
4:10:16 PM,69.15,67953,4698949.95,ASX,
4:10:16 PM,69.15,1593,110155.95,ASX,
4:10:16 PM,69.15,25310,1750186.5,ASX,
4:10:16 PM,69.15,1039,71846.85,ASX,XT
4:10:16 PM,69.15,112,7744.8,ASX,XT
4:10:16 PM,69.15,1565,108219.75,ASX,XT
4:10:16 PM,69.15,5301,366564.15,ASX,XT
4:10:16 PM,69.15,128,8851.2,ASX,XT
4:10:16 PM,69.15,1383,95634.45,ASX,XT
4:10:16 PM,69.15,2654,183524.1,ASX,XT
4:10:16 PM,69.15,1506,104139.9,ASX,XT
4:10:16 PM,69.15,2778,192098.7,ASX,XT
4:10:16 PM,69.15,236,16319.4,ASX,XT
4:10:16 PM,69.15,13,898.95,ASX,XT
4:10:16 PM,69.15,137,9473.55,ASX,
4:10:16 PM,69.15,2064,142725.6,ASX,
4:10:16 PM,69.15,17000,1175550,ASX,
4:10:16 PM,69.15,24631,1703233.65,ASX,
4:10:16 PM,69.15,15866,1097133.9,ASX,
4:10:16 PM,69.15,2982,206205.3,ASX,
4:10:16 PM,69.15,4382,303015.3,ASX,
4:10:16 PM,69.15,30895,2136389.25,ASX,
4:10:16 PM,69.15,1739,120251.85,ASX,
4:10:16 PM,69.15,749,51793.35,ASX,
4:10:16 PM,69.15,20,1383,ASX,
4:10:16 PM,69.15,11108,768118.2,ASX,
4:10:16 PM,69.15,10884,752628.6,ASX,
4:10:16 PM,69.15,90,6223.5,ASX,
4:10:16 PM,69.15,75,5186.25,ASX,
4:10:16 PM,69.15,21393,1479325.95,ASX,
4:10:16 PM,69.15,4138,286142.7,ASX,
4:10:16 PM,69.15,1214,83948.1,ASX,
4:10:16 PM,69.15,1892,130831.8,ASX,
4:10:16 PM,69.15,1134,78416.1,ASX,
4:10:16 PM,69.15,11363,785751.45,ASX,
4:10:16 PM,69.15,944,65277.6,ASX,
4:10:16 PM,69.15,14735,1018925.25,ASX,
4:10:16 PM,69.15,321,22197.15,ASX,
4:10:16 PM,69.15,424,29319.6,ASX,
4:10:16 PM,69.15,15051,1040776.65,ASX,
4:10:16 PM,69.15,540,37341,ASX,
4:10:16 PM,69.15,699,48335.85,ASX,
4:10:16 PM,69.15,26,1797.9,ASX,
4:10:16 PM,69.15,1448,100129.2,ASX,
4:10:16 PM,69.15,3154,218099.1,ASX,
4:10:16 PM,69.15,79,5462.85,ASX,
4:10:16 PM,69.15,359,24824.85,ASX,
4:10:16 PM,69.15,1358,93905.7,ASX,
4:10:16 PM,69.15,415,28697.25,ASX,
4:10:16 PM,69.15,579,40037.85,ASX,
4:10:16 PM,69.15,3421,236562.15,ASX,
4:10:16 PM,69.15,9,622.35,ASX,
4:10:16 PM,69.15,1151,79591.65,ASX,
4:10:16 PM,69.15,2967,205168.05,ASX,
4:10:16 PM,69.15,7,484.05,ASX,XT
4:10:16 PM,69.15,109,7537.35,ASX,XT
4:10:16 PM,69.15,82,5670.3,ASX,XT
4:10:16 PM,69.15,392,27106.8,ASX,XT
4:10:16 PM,69.15,108,7468.2,ASX,XT
4:10:16 PM,69.15,1500,103725,ASX,XT
4:10:16 PM,69.15,122,8436.3,ASX,XT
4:10:16 PM,69.15,363,25101.45,ASX,XT
4:10:16 PM,69.15,687,47506.05,ASX,XT
4:10:16 PM,69.15,735,50825.25,ASX,XT
4:10:16 PM,69.15,140,9681,ASX,
4:10:16 PM,69.15,140,9681,ASX,
4:10:16 PM,69.15,400,27660,ASX,
4:10:16 PM,69.15,150,10372.5,ASX,
4:10:16 PM,69.15,2111,145975.65,ASX,
4:10:16 PM,69.15,142,9819.3,ASX,
4:10:16 PM,69.15,8253,570694.95,ASX,
4:10:16 PM,69.15,13,898.95,ASX,
4:10:16 PM,69.15,1262,87267.3,ASX,
4:10:16 PM,69.15,300,20745,ASX,
4:10:16 PM,69.15,71,4909.65,ASX,
4:10:16 PM,69.15,99,6845.85,ASX,
4:10:16 PM,69.15,1208,83533.2,ASX,
4:10:16 PM,69.15,99,6845.85,ASX,
4:10:16 PM,69.15,5,345.75,ASX,
4:10:16 PM,69.15,265,18324.75,ASX,
4:10:16 PM,69.15,235,16250.25,ASX,XT
3:59:59 PM,70.08,22,1541.76,ASX,
3:59:58 PM,70.08,106,7428.48,CXA,
3:59:55 PM,70.06,3,210.18,ASX,
3:59:55 PM,70.06,1,70.06,ASX,
3:59:55 PM,70.06,89,6235.34,ASX,
3:59:55 PM,70.06,1,70.06,ASX,
3:59:54 PM,70.07,269,18848.83,ASX,
3:59:53 PM,70.06,111,7776.66,ASX,
3:59:53 PM,70.07,1,70.07,ASX,
3:59:53 PM,70.07,2,140.14,ASX,
3:59:53 PM,70.07,1,70.07,ASX,
3:59:53 PM,70.07,8,560.56,ASX,
3:59:53 PM,70.07,248,17377.36,ASX,
3:59:52 PM,70.1,6,420.6,ASX,
3:59:51 PM,70.07,1,70.07,ASX,
3:59:49 PM,70.1,333,23343.3,ASX,
3:59:49 PM,70.09,13,911.17,ASX,
3:59:49 PM,70.09,430,30138.7,ASX,
3:59:49 PM,70.1,224,15702.4,CXA,
3:59:49 PM,70.07,1,70.07,ASX,
3:59:49 PM,70.07,19,1331.33,ASX,
3:59:45 PM,70.08,284,19902.72,ASX,
3:59:45 PM,70.08,1,70.08,ASX,
3:59:43 PM,70.07,71,4974.97,ASX,
3:59:43 PM,70.08,50,3504,ASX,
3:59:43 PM,70.08,281,19692.48,ASX,
3:59:42 PM,70.08,235,16468.8,ASX,
3:59:42 PM,70.08,49,3433.92,ASX,
3:59:42 PM,70.08,1,70.08,ASX,
3:59:41 PM,70.05,36,2521.8,ASX,
3:59:41 PM,70.05,1,70.05,ASX,
3:59:41 PM,70.08,1,70.08,ASX,
3:59:41 PM,70.09,1,70.09,ASX,
3:59:41 PM,70.09,85,5957.65,ASX,
3:59:40 PM,70.04,103,7214.12,ASX,
3:59:40 PM,70.05,6,420.3,ASX,
3:59:40 PM,70.05,89,6234.45,ASX,
3:59:40 PM,70.06,7,490.42,ASX,
3:59:40 PM,70.07,2,140.14,ASX,
3:59:40 PM,70.07,124,8688.68,ASX,
3:59:40 PM,70.08,4,280.32,ASX,
3:59:40 PM,70.08,12,840.96,ASX,
3:59:40 PM,70.08,64,4485.12,ASX,
3:59:40 PM,70.08,223,15627.84,ASX,
3:59:40 PM,70.08,1,70.08,ASX,
3:59:40 PM,70.08,212,14856.96,ASX,
3:59:40 PM,70.08,851,59638.08,ASX,
3:59:40 PM,70.08,3490,244579.2,ASX,
3:59:40 PM,70.08,530,37142.4,ASX,
3:59:39 PM,70.1,92,6449.2,ASX,
3:59:39 PM,70.1,15,1051.5,ASX,
3:59:39 PM,70.1,14,981.4,ASX,
3:59:39 PM,70.1,19,1331.9,ASX,
3:59:39 PM,70.1,128,8972.8,ASX,
3:59:39 PM,70.1,172,12057.2,ASX,
3:59:39 PM,70.1,22,1542.2,ASX,
3:59:39 PM,70.1,34,2383.4,ASX,
3:59:39 PM,70.1,17,1191.7,ASX,
3:59:39 PM,70.1,36,2523.6,ASX,
3:59:39 PM,70.08,2,140.16,ASX,
3:59:38 PM,70.1,4,280.4,ASX,
3:59:38 PM,70.1,4,280.4,ASX,
3:59:35 PM,70.08,127,8900.16,ASX,
3:59:33 PM,70.07,70,4904.9,ASX,
3:59:33 PM,70.07,186,13033.02,ASX,
3:59:33 PM,70.085,315,22076.775,ASX,CXXT
3:59:33 PM,70.07,10,700.7,ASX,
3:59:32 PM,70.1,53,3715.3,ASX,
3:59:31 PM,70.1,2,140.2,ASX,
3:59:30 PM,70.07,4,280.28,ASX,
3:59:29 PM,70.07,200,14014,ASX,
3:59:29 PM,70.09,8,560.72,ASX,
3:59:29 PM,70.09,54,3784.86,ASX,
3:59:28 PM,70.09,462,32381.58,ASX,
3:59:28 PM,70.09,44,3083.96,ASX,
3:59:28 PM,70.09,94,6588.46,ASX,
3:59:28 PM,70.09,106,7429.54,ASX,
3:59:28 PM,70.06,9,630.54,ASX,
3:59:27 PM,70.06,1,70.06,ASX,
3:59:27 PM,70.07,96,6726.72,ASX,
3:59:27 PM,70.07,1,70.07,ASX,
3:59:27 PM,70.07,56,3923.92,ASX,
3:59:27 PM,70.07,102,7147.14,ASX,
3:59:27 PM,70.07,5,350.35,ASX,
3:59:25 PM,70.08,16,1121.28,ASX,
3:59:25 PM,70.08,36,2522.88,ASX,
3:59:25 PM,70.08,35,2452.8,ASX,
3:59:25 PM,70.08,67,4695.36,ASX,
3:59:25 PM,70.08,1,70.08,ASX,
3:59:25 PM,70.08,184,12894.72,ASX,
3:59:25 PM,70.08,56,3924.48,ASX,
3:59:25 PM,70.08,1,70.08,ASX,
3:59:25 PM,70.08,50,3504,ASX,
3:59:25 PM,70.08,129,9040.32,ASX,
3:59:25 PM,70.08,54,3784.32,ASX,
3:59:22 PM,70.1,66,4626.6,ASX,
3:59:22 PM,70.1,300,21030,ASX,
3:59:22 PM,70.1,36,2523.6,ASX,
3:59:22 PM,70.1,64,4486.4,ASX,
3:59:21 PM,70.1,22,1542.2,ASX,
3:59:20 PM,70.1,119,8341.9,CXA,
3:59:20 PM,70.09,21,1471.89,CXA,
3:59:20 PM,70.09,51,3574.59,ASX,
3:59:20 PM,70.09,19,1331.71,CXA,
3:59:20 PM,70.08,1,70.08,CXA,
3:59:20 PM,70.08,46,3223.68,ASX,
3:59:18 PM,70.09,71,4976.39,ASX,
3:59:17 PM,70.08,30,2102.4,ASX,XT
3:59:17 PM,70.08,14,981.12,ASX,
3:59:17 PM,70.08,48,3363.84,ASX,
3:59:17 PM,70.09,35,2453.15,ASX,
3:59:17 PM,70.09,75,5256.75,ASX,
3:59:17 PM,70.09,393,27545.37,ASX,
3:59:17 PM,70.08,35,2452.8,ASX,
3:59:17 PM,70.08,82,5746.56,ASX,
3:59:17 PM,70.08,53,3714.24,ASX,
3:59:17 PM,70.08,316,22145.28,ASX,
3:59:16 PM,70.07,21,1471.47,ASX,
3:59:16 PM,70.07,31,2172.17,ASX,
3:59:16 PM,70.07,15,1051.05,ASX,
3:59:16 PM,70.07,59,4134.13,ASX,
3:59:16 PM,70.07,11,770.77,ASX,
3:59:15 PM,70.07,59,4134.13,ASX,
3:59:15 PM,70.07,38,2662.66,ASX,
3:59:15 PM,70.07,53,3713.71,ASX,
3:59:15 PM,70.07,77,5395.39,ASX,
3:59:15 PM,70.07,23,1611.61,ASX,
3:59:15 PM,70.07,4,280.28,ASX,
3:59:15 PM,70.07,7,490.49,ASX,
3:59:15 PM,70.07,20,1401.4,ASX,
3:59:15 PM,70.05,87,6094.35,ASX,XT
3:59:15 PM,70.05,36,2521.8,CXA,
3:59:15 PM,70.05,77,5393.85,CXA,
3:59:13 PM,70.07,39,2732.73,ASX,
3:59:13 PM,70.07,16,1121.12,ASX,
3:59:13 PM,70.07,75,5255.25,ASX,
3:59:13 PM,70.07,2,140.14,ASX,
3:59:12 PM,70.07,69,4834.83,ASX,
3:59:09 PM,70.06,24,1681.44,ASX,
3:59:09 PM,70.06,57,3993.42,ASX,
3:59:09 PM,70.07,150,10510.5,ASX,
3:59:09 PM,70.05,15,1050.75,ASX,
3:59:08 PM,70.05,15,1050.75,ASX,
3:59:07 PM,70.08,1,70.08,ASX,
3:59:06 PM,70.08,5,350.4,ASX,
3:59:06 PM,70.08,45,3153.6,ASX,
3:59:04 PM,70.08,18,1261.44,CXA,
3:59:04 PM,70.05,30,2101.5,ASX,
3:59:04 PM,70.05,50,3502.5,ASX,
3:59:04 PM,70.08,55,3854.4,ASX,
3:59:04 PM,70.08,3,210.24,ASX,
3:59:04 PM,70.09,113,7920.17,ASX,
3:59:04 PM,70.07,104,7287.28,ASX,
3:59:04 PM,70.07,437,30620.59,ASX,
3:59:03 PM,70.09,10,700.9,CXA,
3:59:03 PM,70.06,30,2101.8,CXA,NX XT
3:59:03 PM,70.06,24,1681.44,ASX,
3:59:03 PM,70.07,437,30620.59,ASX,
3:59:02 PM,70.08,2,140.16,ASX,
3:59:02 PM,70.08,69,4835.52,ASX,
3:59:02 PM,70.08,7,490.56,ASX,
3:59:01 PM,70.08,36,2522.88,ASX,
3:59:01 PM,70.08,151,10582.08,ASX,
3:59:01 PM,70.05,14,980.7,ASX,
3:59:01 PM,70.06,2,140.12,ASX,
3:59:01 PM,70.06,1,70.06,ASX,
3:59:01 PM,70.06,224,15693.44,ASX,
3:59:01 PM,70.06,30,2101.8,ASX,XT
3:59:01 PM,70.06,36,2522.16,CXA,
3:59:01 PM,70.07,6,420.42,CXA,NX XT
3:59:01 PM,70.08,7,490.56,CXA,
3:59:01 PM,70.07,45,3153.15,ASX,
3:59:01 PM,70.07,4,280.28,ASX,
3:59:01 PM,70.07,38,2662.66,ASX,
3:59:01 PM,70.07,4,280.28,ASX,
3:59:01 PM,70.07,21,1471.47,ASX,
3:59:01 PM,70.07,45,3153.15,ASX,
3:59:01 PM,70.07,53,3713.71,ASX,
3:59:01 PM,70.07,20,1401.4,ASX,
3:59:01 PM,70.06,7,490.42,CXA,
3:59:01 PM,70.08,37,2592.96,CXA,
3:59:00 PM,70.1,3,210.3,CXA,
3:59:00 PM,70.06,7,490.42,ASX,
3:59:00 PM,70.06,5,350.3,ASX,
3:59:00 PM,70.06,42,2942.52,ASX,
3:59:00 PM,70.06,1,70.06,ASX,
3:58:59 PM,70.06,19,1331.14,ASX,
3:58:59 PM,70.1,168,11776.8,ASX,
3:58:59 PM,70.06,7,490.42,ASX,
3:58:58 PM,70.06,61,4273.66,ASX,
3:58:58 PM,70.07,406,28448.42,ASX,
3:58:58 PM,70.1,16,1121.6,ASX,
3:58:58 PM,70.1,1,70.1,ASX,
3:58:58 PM,70.1,113,7921.3,ASX,
3:58:57 PM,70.1,71,4977.1,ASX,
3:58:57 PM,70.1,2,140.2,ASX,
3:58:57 PM,70.1,53,3715.3,ASX,
3:58:57 PM,70.1,47,3294.7,ASX,
3:58:57 PM,70.1,2,140.2,ASX,
3:58:57 PM,70.1,400,28040,ASX,
3:58:57 PM,70.1,200,14020,ASX,
3:58:57 PM,70.1,100,7010,ASX,
3:58:57 PM,70.1,100,7010,ASX,
3:58:57 PM,70.1,950,66595,ASX,
3:58:57 PM,70.1,17,1191.7,CXA,
3:58:57 PM,70.1,223,15632.3,CXA,
3:58:56 PM,70.11,3,210.33,ASX,
3:58:56 PM,70.11,59,4136.49,ASX,
3:58:56 PM,70.11,37,2594.07,ASX,
3:58:56 PM,70.11,92,6450.12,ASX,
3:58:56 PM,70.11,4,280.44,ASX,
3:58:56 PM,70.11,4,280.44,CXA,
3:58:54 PM,70.1,50,3505,ASX,
3:58:51 PM,70.12,4,280.48,ASX,
3:58:51 PM,70.12,17,1192.04,ASX,
3:58:51 PM,70.12,7,490.84,ASX,
3:58:51 PM,70.12,112,7853.44,ASX,
3:58:51 PM,70.12,9,631.08,ASX,
3:58:51 PM,70.12,12,841.44,ASX,
3:58:51 PM,70.11,99,6940.89,ASX,
3:58:51 PM,70.12,35,2454.2,CXA,
3:58:51 PM,70.12,1,70.12,CXA,
3:58:51 PM,70.12,30,2103.6,CXA,
3:58:51 PM,70.11,24,1682.64,CXA,
3:58:50 PM,70.11,34,2383.74,ASX,CXXT
3:58:49 PM,70.11,37,2594.07,ASX,
3:58:49 PM,70.11,7,490.77,ASX,XT
3:58:49 PM,70.11,4,280.44,ASX,
3:58:49 PM,70.11,12,841.32,ASX,
3:58:48 PM,70.12,2,140.24,ASX,
3:58:48 PM,70.12,117,8204.04,ASX,
3:58:47 PM,70.11,55,3856.05,ASX,
3:58:46 PM,70.12,83,5819.96,ASX,
3:58:46 PM,70.12,3,210.36,ASX,
3:58:46 PM,70.12,42,2945.04,ASX,
3:58:46 PM,70.12,52,3646.24,ASX,
3:58:46 PM,70.12,173,12130.76,ASX,
3:58:46 PM,70.12,446,31273.52,ASX,
3:58:46 PM,70.12,184,12902.08,ASX,
3:58:46 PM,70.12,103,7222.36,CXA,
3:58:45 PM,70.15,28,1964.2,ASX,
3:58:44 PM,70.13,5,350.65,ASX,
3:58:44 PM,70.13,49,3436.37,ASX,
3:58:44 PM,70.13,28,1963.64,ASX,
3:58:44 PM,70.13,7,490.91,ASX,
3:58:44 PM,70.13,30,2103.9,ASX,XT
3:58:44 PM,70.13,38,2664.94,ASX,
3:58:44 PM,70.13,1,70.13,ASX,
3:58:44 PM,70.13,57,3997.41,ASX,
3:58:44 PM,70.13,150,10519.5,ASX,
3:58:44 PM,70.13,38,2664.94,CXA,
3:58:43 PM,70.13,11,771.43,ASX,
3:58:43 PM,70.13,5,350.65,CXA,
3:58:43 PM,70.13,22,1542.86,CXA,
3:58:43 PM,70.15,10,701.5,CXA,
3:58:41 PM,70.13,36,2524.68,CXA,
3:58:41 PM,70.15,2,140.3,CXA,
3:58:40 PM,70.13,8,561.04,ASX,
3:58:40 PM,70.13,18,1262.34,ASX,
3:58:39 PM,70.14,10,701.4,ASX,
3:58:39 PM,70.14,28,1963.92,ASX,
3:58:39 PM,70.14,2,140.28,ASX,
3:58:34 PM,70.14,11,771.54,ASX,
3:58:34 PM,70.14,53,3717.42,ASX,
3:58:34 PM,70.14,1,70.14,ASX,
3:58:34 PM,70.16,10,701.6,ASX,
3:58:33 PM,70.16,11,771.76,ASX,
3:58:33 PM,70.16,13,912.08,ASX,
3:58:33 PM,70.16,30,2104.8,ASX,
3:58:33 PM,70.16,1,70.16,ASX,
3:58:33 PM,70.16,26,1824.16,ASX,
3:58:33 PM,70.16,103,7226.48,ASX,
3:58:33 PM,70.16,53,3718.48,ASX,
3:58:33 PM,70.16,20,1403.2,ASX,
3:58:33 PM,70.18,3,210.54,ASX,
3:58:31 PM,70.16,1,70.16,ASX,
3:58:31 PM,70.16,56,3928.96,ASX,
3:58:31 PM,70.16,5,350.8,ASX,
3:58:31 PM,70.16,39,2736.24,CXA,
3:58:30 PM,70.17,34,2385.78,ASX,
3:58:30 PM,70.17,85,5964.45,ASX,
3:58:30 PM,70.17,16,1122.72,ASX,
3:58:30 PM,70.17,1,70.17,ASX,
3:58:30 PM,70.17,12,842.04,ASX,
3:58:30 PM,70.17,13,912.21,CXA,
3:58:29 PM,70.17,65,4561.05,ASX,
3:58:29 PM,70.17,119,8350.23,CXA,
3:58:29 PM,70.17,40,2806.8,CXA,
3:58:29 PM,70.17,2,140.34,CXA,
3:58:28 PM,70.17,71,4982.07,ASX,XT
3:58:28 PM,70.17,11,771.87,ASX,
3:58:28 PM,70.17,23,1613.91,ASX,
3:58:28 PM,70.17,1,70.17,ASX,
3:58:28 PM,70.17,100,7017,ASX,
3:58:28 PM,70.2,36,2527.2,ASX,
3:58:27 PM,70.17,3,210.51,CXA,
3:58:27 PM,70.17,10,701.7,CXA,
3:58:26 PM,70.2,100,7020,ASX,
3:58:26 PM,70.17,6,421.02,CXA,
3:58:26 PM,70.17,51,3578.67,CXA,
3:58:24 PM,70.18,165,11579.7,ASX,
3:58:24 PM,70.18,165,11579.7,ASX,
3:58:24 PM,70.2,475,33345,ASX,
3:58:24 PM,70.2,5,351,ASX,
3:58:24 PM,70.2,149,10459.8,ASX,
3:58:24 PM,70.2,211,14812.2,ASX,
3:58:24 PM,70.19,28,1965.32,ASX,
3:58:24 PM,70.19,157,11019.83,ASX,
3:58:24 PM,70.19,2,140.38,ASX,
3:58:24 PM,70.19,17,1193.23,ASX,
3:58:24 PM,70.19,13,912.47,ASX,
3:58:24 PM,70.19,196,13757.24,ASX,
3:58:24 PM,70.18,36,2526.48,ASX,
3:58:24 PM,70.18,66,4631.88,ASX,
3:58:24 PM,70.18,211,14807.98,ASX,
3:58:24 PM,70.18,281,19720.58,ASX,
3:58:24 PM,70.18,4,280.72,CXA,
3:58:24 PM,70.18,58,4070.44,ASX,
3:58:24 PM,70.2,20,1404,CXA,
3:58:24 PM,70.2,75,5265,CXA,
3:58:24 PM,70.19,1,70.19,CXA,
3:58:24 PM,70.19,53,3720.07,CXA,
3:58:24 PM,70.18,4,280.72,CXA,
3:58:24 PM,70.18,1,70.18,CXA,
3:58:24 PM,70.18,14,982.52,ASX,
3:58:23 PM,70.19,30,2105.7,ASX,
3:58:23 PM,70.19,215,15090.85,ASX,
3:58:23 PM,70.18,48,3368.64,ASX,
3:58:23 PM,70.18,1,70.18,ASX,
3:58:23 PM,70.2,64,4492.8,ASX,
3:58:23 PM,70.2,200,14040,ASX,
3:58:22 PM,70.19,20,1403.8,ASX,
3:58:22 PM,70.19,30,2105.7,ASX,XT
3:58:22 PM,70.19,7,491.33,ASX,
3:58:22 PM,70.19,24,1684.56,ASX,
3:58:22 PM,70.19,5,350.95,ASX,
3:58:22 PM,70.22,45,3159.9,ASX,
3:58:21 PM,70.19,24,1684.56,ASX,
3:58:15 PM,70.22,3,210.66,ASX,
3:58:15 PM,70.2,70,4914,ASX,
3:58:15 PM,70.2,142,9968.4,ASX,
3:58:15 PM,70.2,5,351,ASX,
3:58:15 PM,70.2,23,1614.6,ASX,
3:58:15 PM,70.2,20,1404,ASX,
3:58:15 PM,70.2,110,7722,ASX,
3:58:15 PM,70.2,53,3720.6,CXA,
3:58:14 PM,70.21,376,26398.96,ASX,
3:58:14 PM,70.21,74,5195.54,ASX,
3:58:13 PM,70.23,8,561.84,ASX,
3:58:13 PM,70.22,11,772.42,ASX,
3:58:13 PM,70.22,135,9479.7,ASX,
3:58:13 PM,70.22,148,10392.56,ASX,
3:58:13 PM,70.22,59,4142.98,ASX,
3:58:13 PM,70.22,40,2808.8,CXA,
3:58:12 PM,70.22,50,3511,CXA,
3:58:11 PM,70.22,19,1334.18,ASX,
3:58:11 PM,70.22,50,3511,ASX,
3:58:10 PM,70.22,65,4564.3,ASX,
3:58:10 PM,70.23,928,65173.44,ASX,
3:58:10 PM,70.22,4,280.88,ASX,
3:58:10 PM,70.22,35,2457.7,ASX,
3:58:10 PM,70.22,183,12850.26,ASX,
3:58:10 PM,70.22,82,5758.04,ASX,
3:58:10 PM,70.22,49,3440.78,ASX,
3:58:10 PM,70.22,1,70.22,ASX,
3:58:10 PM,70.22,20,1404.4,ASX,
3:58:10 PM,70.23,11,772.53,ASX,
3:58:10 PM,70.23,36,2528.28,ASX,
3:58:10 PM,70.23,16,1123.68,ASX,
3:58:10 PM,70.23,28,1966.44,ASX,
3:58:10 PM,70.23,35,2458.05,ASX,
3:58:10 PM,70.23,33,2317.59,ASX,
3:58:10 PM,70.23,30,2106.9,ASX,
3:58:10 PM,70.23,19,1334.37,ASX,
3:58:10 PM,70.23,3,210.69,ASX,
3:58:10 PM,70.23,133,9340.59,ASX,
3:58:10 PM,70.23,4,280.92,ASX,
3:58:10 PM,70.23,43,3019.89,ASX,
3:58:10 PM,70.23,1,70.23,CXA,
3:58:10 PM,70.23,8,561.84,CXA,
3:58:10 PM,70.24,30,2107.2,ASX,CXXT
3:58:09 PM,70.24,200,14048,ASX,CXXT
3:58:09 PM,70.24,391,27463.84,ASX,CXXT
3:58:09 PM,70.23,52,3651.96,ASX,
3:58:08 PM,70.23,1,70.23,ASX,
3:58:08 PM,70.24,430,30203.2,ASX,CXXT
3:58:08 PM,70.23,11,772.53,CXA,
3:58:06 PM,70.24,401,28166.24,ASX,CXXT
3:58:06 PM,70.23,15,1053.45,CXA,
3:58:05 PM,70.24,130,9131.2,ASX,CXXT
3:58:05 PM,70.24,130,9131.2,ASX,CXXT
3:58:05 PM,70.24,416,29219.84,ASX,CXXT
3:58:05 PM,70.24,164,11519.36,ASX,CXXT
3:58:04 PM,70.23,53,3722.19,ASX,
3:58:04 PM,70.24,130,9131.2,ASX,CXXT
3:58:04 PM,70.24,130,9131.2,ASX,CXXT
3:58:04 PM,70.23,19,1334.37,ASX,
3:58:03 PM,70.24,1036,72768.64,ASX,CXXT
3:58:03 PM,70.25,131,9202.75,ASX,
3:58:03 PM,70.25,172,12083,ASX,
3:58:03 PM,70.25,208,14612,ASX,
3:58:03 PM,70.25,1,70.25,CXA,
3:58:03 PM,70.24,488,34277.12,ASX,CXXT
3:58:03 PM,70.24,481,33785.44,ASX,CXXT
3:58:03 PM,70.23,22,1545.06,CXA,
3:58:03 PM,70.24,503,35330.72,ASX,CXXT
3:58:03 PM,70.23,24,1685.52,ASX,
3:58:03 PM,70.245,527,37019.115,ASX,CXXT
3:58:03 PM,70.23,32,2247.36,CXA,
3:58:02 PM,70.245,581,40812.345,ASX,CXXT
3:58:02 PM,70.23,7,491.61,CXA,
3:58:02 PM,70.23,38,2668.74,CXA,
3:58:02 PM,70.23,3,210.69,CXA,
3:58:02 PM,70.23,23,1615.29,CXA,
3:58:02 PM,70.25,130,9132.5,ASX,CXXT
3:58:02 PM,70.25,129,9062.25,ASX,CXXT
3:58:01 PM,70.25,126,8851.5,ASX,CXXT
3:58:01 PM,70.27,5,351.35,ASX,
3:58:01 PM,70.25,130,9132.5,ASX,CXXT
3:58:01 PM,70.25,129,9062.25,ASX,CXXT
3:58:00 PM,70.23,2,140.46,ASX,
3:58:00 PM,70.23,3,210.69,CXA,
3:58:00 PM,70.23,64,4494.72,CXA,
3:57:57 PM,70.23,4,280.92,ASX,
3:57:57 PM,70.23,2,140.46,ASX,
3:57:57 PM,70.25,1,70.25,ASX,
3:57:57 PM,70.26,248,17424.48,ASX,
3:57:57 PM,70.26,108,7588.08,ASX,
3:57:57 PM,70.26,24,1686.24,ASX,
3:57:57 PM,70.26,48,3372.48,ASX,
3:57:57 PM,70.26,26,1826.76,ASX,
3:57:57 PM,70.26,34,2388.84,ASX,
3:57:57 PM,70.26,201,14122.26,ASX,
3:57:57 PM,70.26,3,210.78,CXA,
3:57:57 PM,70.26,106,7447.56,CXA,
3:57:57 PM,70.26,33,2318.58,CXA,
3:57:57 PM,70.26,32,2248.32,ASX,
3:57:57 PM,70.26,2,140.52,ASX,
3:57:56 PM,70.26,1,70.26,ASX,
3:57:56 PM,70.26,13,913.38,ASX,
3:57:56 PM,70.26,34,2388.84,ASX,
3:57:56 PM,70.26,32,2248.32,ASX,
3:57:56 PM,70.26,276,19391.76,ASX,
3:57:56 PM,70.265,315,22133.475,ASX,CXXT
3:57:56 PM,70.26,112,7869.12,ASX,
3:57:56 PM,70.26,14,983.64,ASX,
3:57:56 PM,70.26,6,421.56,ASX,
3:57:56 PM,70.26,20,1405.2,ASX,
3:57:56 PM,70.26,111,7798.86,ASX,
3:57:55 PM,70.245,19,1334.655,ASX,CXXT
3:57:55 PM,70.245,3,210.735,ASX,CXXT
3:57:55 PM,70.26,155,10890.3,ASX,
3:57:55 PM,70.26,59,4145.34,ASX,
3:57:55 PM,70.26,125,8782.5,ASX,
3:57:55 PM,70.26,20,1405.2,ASX,
3:57:55 PM,70.26,2,140.52,CXA,
3:57:55 PM,70.26,114,8009.64,CXA,
3:57:55 PM,70.26,23,1615.98,CXA,
3:57:55 PM,70.26,2,140.52,CXA,
3:57:55 PM,70.245,50,3512.25,ASX,CXXT
3:57:54 PM,70.245,2,140.49,ASX,CXXT
3:57:51 PM,70.26,2,140.52,ASX,
3:57:51 PM,70.26,67,4707.42,ASX,
3:57:49 PM,70.245,14,983.43,ASX,CXXT
3:57:49 PM,70.26,51,3583.26,ASX,
3:57:49 PM,70.26,23,1615.98,ASX,
3:57:49 PM,70.26,18,1264.68,ASX,
3:57:49 PM,70.26,55,3864.3,ASX,
3:57:49 PM,70.26,96,6744.96,ASX,
3:57:49 PM,70.26,20,1405.2,ASX,
3:57:49 PM,70.26,8,562.08,ASX,
3:57:49 PM,70.26,5,351.3,ASX,
3:57:49 PM,70.26,200,14052,ASX,
3:57:48 PM,70.245,2,140.49,ASX,CXXT
3:57:45 PM,70.25,47,3301.75,ASX,
3:57:45 PM,70.25,11,772.75,ASX,
3:57:45 PM,70.27,44,3091.88,ASX,
3:57:45 PM,70.27,4,281.08,ASX,
3:57:45 PM,70.27,54,3794.58,ASX,
3:57:45 PM,70.27,42,2951.34,ASX,
3:57:44 PM,70.27,2,140.54,ASX,
3:57:43 PM,70.27,8,562.16,ASX,
3:57:43 PM,70.27,120,8432.4,ASX,
3:57:43 PM,70.31,17,1195.27,ASX,
3:57:43 PM,70.27,19,1335.13,ASX,
3:57:43 PM,70.28,15,1054.2,CXA,
3:57:43 PM,70.28,3,210.84,CXA,
3:57:43 PM,70.28,1,70.28,ASX,
3:57:43 PM,70.28,42,2951.76,ASX,
3:57:43 PM,70.28,94,6606.32,ASX,
3:57:43 PM,70.28,80,5622.4,ASX,
3:57:43 PM,70.28,123,8644.44,ASX,
3:57:43 PM,70.28,135,9487.8,ASX,
3:57:43 PM,70.28,12,843.36,ASX,
3:57:43 PM,70.28,39,2740.92,ASX,
3:57:43 PM,70.28,11,773.08,ASX,
3:57:43 PM,70.28,199,13985.72,ASX,
3:57:43 PM,70.28,2,140.56,ASX,
3:57:43 PM,70.28,336,23614.08,ASX,
3:57:43 PM,70.29,132,9278.28,ASX,
3:57:43 PM,70.29,91,6396.39,ASX,
3:57:43 PM,70.29,489,34371.81,ASX,
3:57:43 PM,70.29,123,8645.67,ASX,
3:57:43 PM,70.29,69,4850.01,ASX,
3:57:43 PM,70.29,13,913.77,ASX,
3:57:43 PM,70.29,14,984.06,ASX,XT
3:57:43 PM,70.29,360,25304.4,ASX,
3:57:43 PM,70.29,1,70.29,ASX,
3:57:43 PM,70.29,40,2811.6,ASX,XT
3:57:43 PM,70.29,275,19329.75,ASX,
3:57:43 PM,70.295,223,15675.785,ASX,CXXT
3:57:43 PM,70.29,77,5412.33,CXA,
3:57:43 PM,70.29,37,2600.73,CXA,
3:57:43 PM,70.29,1,70.29,CXA,
3:57:43 PM,70.29,3,210.87,CXA,
3:57:43 PM,70.29,6,421.74,CXA,
3:57:43 PM,70.29,1,70.29,CXA,
3:57:43 PM,70.29,92,6466.68,CXA,
3:57:42 PM,70.29,57,4006.53,ASX,
3:57:42 PM,70.29,29,2038.41,ASX,
3:57:42 PM,70.29,1,70.29,ASX,
3:57:42 PM,70.29,13,913.77,ASX,
3:57:42 PM,70.29,9,632.61,ASX,
3:57:42 PM,70.295,191,13426.345,ASX,CXXT
3:57:42 PM,70.295,1,70.295,ASX,CXXT
3:57:41 PM,70.3,10,703,ASX,
3:57:41 PM,70.3,90,6327,ASX,
3:57:41 PM,70.3,49,3444.7,CXA,
3:57:41 PM,70.3,2,140.6,CXA,
3:57:41 PM,70.3,114,8014.2,ASX,
3:57:41 PM,70.295,7,492.065,ASX,CXXT
3:57:41 PM,70.3,1,70.3,ASX,
3:57:41 PM,70.295,10,702.95,ASX,CXXT
3:57:41 PM,70.32,175,12306,ASX,
3:57:41 PM,70.3,1,70.3,ASX,
3:57:41 PM,70.3,5,351.5,ASX,
3:57:41 PM,70.3,72,5061.6,ASX,
3:57:41 PM,70.3,31,2179.3,ASX,
3:57:41 PM,70.32,230,16173.6,CXA,
3:57:41 PM,70.3,46,3233.8,CXA,
3:57:40 PM,70.295,13,913.835,ASX,CXXT
3:57:39 PM,70.3,4,281.2,CXA,
3:57:39 PM,70.31,4,281.24,ASX,
3:57:39 PM,70.3,1,70.3,CXA,
3:57:39 PM,70.3,205,14411.5,ASX,
3:57:39 PM,70.3,4,281.2,ASX,
3:57:39 PM,70.3,16,1124.8,ASX,
3:57:39 PM,70.3,1,70.3,ASX,
3:57:39 PM,70.3,82,5764.6,ASX,
3:57:38 PM,70.3,103,7240.9,ASX,
3:57:38 PM,70.29,1,70.29,ASX,
3:57:38 PM,70.29,5,351.45,CXA,
3:57:38 PM,70.29,10,702.9,ASX,
3:57:38 PM,70.29,256,17994.24,ASX,
3:57:38 PM,70.29,1,70.29,CXA,
3:57:37 PM,70.28,7,491.96,ASX,
3:57:37 PM,70.29,5,351.45,ASX,
3:57:37 PM,70.29,5,351.45,ASX,
3:57:37 PM,70.29,40,2811.6,ASX,
3:57:37 PM,70.29,91,6396.39,ASX,
3:57:37 PM,70.29,47,3303.63,ASX,
3:57:37 PM,70.29,9,632.61,ASX,
3:57:37 PM,70.29,2,140.58,ASX,
3:57:37 PM,70.29,30,2108.7,ASX,
3:57:37 PM,70.29,28,1968.12,CXA,
3:57:37 PM,70.29,3,210.87,CXA,
3:57:37 PM,70.29,5,351.45,CXA,
3:57:37 PM,70.28,50,3514,ASX,
3:57:37 PM,70.28,7,491.96,ASX,
3:57:37 PM,70.28,24,1686.72,ASX,
3:57:37 PM,70.28,9,632.52,ASX,
3:57:34 PM,70.28,2,140.56,CXA,
3:57:34 PM,70.28,44,3092.32,CXA,
3:57:34 PM,70.285,154,10823.89,ASX,CXXT
3:57:33 PM,70.29,2,140.58,ASX,
3:57:33 PM,70.29,1,70.29,ASX,
3:57:32 PM,70.285,20,1405.7,ASX,NXXT
3:57:32 PM,70.285,11,773.135,ASX,NXXT
3:57:32 PM,70.29,1,70.29,ASX,
3:57:32 PM,70.29,8,562.32,ASX,
3:57:31 PM,70.28,7,491.96,ASX,
3:57:30 PM,70.29,75,5271.75,ASX,
3:57:30 PM,70.29,74,5201.46,ASX,
3:57:30 PM,70.29,82,5763.78,ASX,
3:57:30 PM,70.28,52,3654.56,ASX,
3:57:30 PM,70.28,6,421.68,ASX,
3:57:30 PM,70.28,14,983.92,ASX,
3:57:30 PM,70.28,1,70.28,ASX,
3:57:30 PM,70.28,68,4779.04,ASX,
3:57:30 PM,70.28,5,351.4,ASX,
3:57:30 PM,70.28,5,351.4,ASX,
3:57:30 PM,70.28,200,14056,ASX,
3:57:30 PM,70.28,44,3092.32,ASX,
3:57:30 PM,70.28,45,3162.6,ASX,
3:57:29 PM,70.265,6,421.59,ASX,CXXT
3:57:29 PM,70.27,18,1264.86,CXA,
3:57:29 PM,70.27,103,7237.81,ASX,
3:57:29 PM,70.27,124,8713.48,CXA,
3:57:29 PM,70.27,46,3232.42,ASX,
3:57:29 PM,70.27,12,843.24,ASX,
3:57:29 PM,70.27,16,1124.32,ASX,
3:57:29 PM,70.27,239,16794.53,ASX,
3:57:29 PM,70.27,13,913.51,ASX,
3:57:29 PM,70.27,81,5691.87,ASX,
3:57:29 PM,70.27,16,1124.32,ASX,
3:57:29 PM,70.27,2,140.54,ASX,
3:57:29 PM,70.27,33,2318.91,ASX,
3:57:29 PM,70.27,1,70.27,ASX,XT
3:57:29 PM,70.27,44,3091.88,ASX,
3:57:29 PM,70.27,87,6113.49,ASX,
3:57:29 PM,70.27,6,421.62,ASX,
3:57:29 PM,70.27,435,30567.45,ASX,
3:57:27 PM,70.26,60,4215.6,ASX,CXXT
3:57:25 PM,70.27,46,3232.42,ASX,
3:57:24 PM,70.25,4,281,ASX,
3:57:24 PM,70.25,1,70.25,ASX,
3:57:24 PM,70.25,573,40253.25,ASX,
3:57:24 PM,70.25,4,281,ASX,
3:57:24 PM,70.25,26,1826.5,ASX,
3:57:24 PM,70.25,298,20934.5,ASX,
3:57:24 PM,70.26,354,24872.04,ASX,CXXT
3:57:24 PM,70.25,184,12926,CXA,
3:57:24 PM,70.25,1,70.25,CXA,
3:57:24 PM,70.25,4,281,CXA,
3:57:24 PM,70.25,2,140.5,CXA,
3:57:23 PM,70.27,70,4918.9,CXA,
3:57:23 PM,70.27,19,1335.13,ASX,
3:57:23 PM,70.27,45,3162.15,ASX,
3:57:21 PM,70.25,2,140.5,ASX,
3:57:21 PM,70.255,1,70.255,ASX,CXXT
3:57:21 PM,70.27,14,983.78,CXA,
3:57:21 PM,70.24,32,2247.68,ASX,
3:57:20 PM,70.24,297,20861.28,ASX,
3:57:20 PM,70.24,16,1123.84,ASX,
3:57:20 PM,70.24,27,1896.48,ASX,
3:57:20 PM,70.24,12,842.88,ASX,
3:57:20 PM,70.24,46,3231.04,ASX,
3:57:20 PM,70.24,69,4846.56,ASX,
3:57:20 PM,70.24,30,2107.2,ASX,
3:57:20 PM,70.24,26,1826.24,ASX,
3:57:20 PM,70.24,14,983.36,ASX,
3:57:20 PM,70.24,172,12081.28,ASX,
3:57:20 PM,70.255,34,2388.67,ASX,CXXT
3:57:20 PM,70.24,1,70.24,CXA,
3:57:20 PM,70.24,2,140.48,CXA,
3:57:20 PM,70.24,1,70.24,CXA,
3:57:20 PM,70.24,11,772.64,CXA,
3:57:20 PM,70.24,46,3231.04,CXA,
3:57:20 PM,70.25,3,210.75,ASX,CXXT
3:57:19 PM,70.26,61,4285.86,ASX,
3:57:19 PM,70.26,49,3442.74,CXA,
3:57:19 PM,70.26,2,140.52,ASX,
3:57:19 PM,70.24,15,1053.6,ASX,
3:57:19 PM,70.26,1,70.26,CXA,
3:57:19 PM,70.26,2,140.52,ASX,
3:57:19 PM,70.24,6,421.44,ASX,
3:57:19 PM,70.26,9,632.34,ASX,
3:57:19 PM,70.26,196,13770.96,ASX,
3:57:19 PM,70.26,205,14403.3,ASX,
3:57:19 PM,70.26,205,14403.3,ASX,
3:57:19 PM,70.26,2,140.52,ASX,
3:57:19 PM,70.24,2,140.48,ASX,
3:57:19 PM,70.24,5,351.2,ASX,
3:57:19 PM,70.26,113,7939.38,ASX,
3:57:19 PM,70.26,6,421.56,ASX,
3:57:19 PM,70.26,69,4847.94,ASX,
3:57:19 PM,70.26,120,8431.2,ASX,
3:57:19 PM,70.24,130,9131.2,ASX,CXXT
3:57:19 PM,70.24,1,70.24,ASX,CXXT
3:57:19 PM,70.23,1,70.23,ASX,
3:57:18 PM,70.26,13,913.38,ASX,
3:57:18 PM,70.26,33,2318.58,ASX,
3:57:16 PM,70.26,9,632.34,ASX,
3:57:16 PM,70.26,9,632.34,ASX,
3:57:16 PM,70.26,2,140.52,ASX,
3:57:16 PM,70.26,3,210.78,ASX,
3:57:16 PM,70.26,5,351.3,ASX,
3:57:10 PM,70.22,17,1193.74,ASX,
3:57:09 PM,70.26,2,140.52,ASX,
3:57:09 PM,70.26,45,3161.7,ASX,
3:57:09 PM,70.26,120,8431.2,ASX,
3:57:09 PM,70.26,191,13419.66,ASX,
3:57:09 PM,70.25,13,913.25,ASX,
3:57:09 PM,70.25,11,772.75,ASX,
3:57:09 PM,70.25,38,2669.5,ASX,
3:57:09 PM,70.25,15,1053.75,ASX,
3:57:09 PM,70.25,16,1124,ASX,
3:57:09 PM,70.25,13,913.25,ASX,
3:57:09 PM,70.25,74,5198.5,ASX,
3:57:09 PM,70.25,61,4285.25,ASX,
3:57:09 PM,70.25,76,5339,ASX,
3:57:09 PM,70.25,3,210.75,ASX,
3:57:09 PM,70.25,1,70.25,CXA,
3:57:09 PM,70.25,1,70.25,CXA,
3:57:09 PM,70.25,70,4917.5,CXA,
3:57:09 PM,70.22,33,2317.26,ASX,
3:57:09 PM,70.25,15,1053.75,ASX,
3:57:09 PM,70.23,89,6250.47,ASX,CXXT
3:57:08 PM,70.23,19,1334.37,ASX,CXXT
3:57:06 PM,70.23,14,983.22,ASX,CXXT
3:57:02 PM,70.23,423,29707.29,ASX,CXXT
3:57:02 PM,70.25,21,1475.25,ASX,
3:57:02 PM,70.25,15,1053.75,ASX,
3:57:02 PM,70.21,12,842.52,ASX,
3:57:02 PM,70.21,32,2246.72,ASX,
3:57:02 PM,70.21,1,70.21,ASX,
3:57:02 PM,70.21,15,1053.15,ASX,
3:57:02 PM,70.21,200,14042,ASX,
3:57:00 PM,70.23,1,70.23,ASX,CXXT
3:57:00 PM,70.23,6,421.38,ASX,CXXT
3:56:56 PM,70.25,8,562,CXA,
3:56:54 PM,70.23,135,9481.05,ASX,CXXT
3:56:54 PM,70.24,8,561.92,ASX,
3:56:54 PM,70.24,53,3722.72,ASX,
3:56:54 PM,70.24,152,10676.48,ASX,
3:56:54 PM,70.24,44,3090.56,ASX,
3:56:54 PM,70.24,145,10184.8,ASX,
3:56:53 PM,70.25,74,5198.5,ASX,
3:56:53 PM,70.25,240,16860,ASX,
3:56:53 PM,70.24,1,70.24,ASX,
3:56:53 PM,70.24,32,2247.68,ASX,
3:56:53 PM,70.24,62,4354.88,ASX,
3:56:53 PM,70.24,1,70.24,ASX,XT
3:56:53 PM,70.24,13,913.12,ASX,
3:56:53 PM,70.24,145,10184.8,ASX,
3:56:53 PM,70.24,19,1334.56,ASX,
3:56:53 PM,70.24,78,5478.72,ASX,
3:56:53 PM,70.24,42,2950.08,ASX,
3:56:53 PM,70.24,39,2739.36,ASX,
3:56:52 PM,70.24,115,8077.6,ASX,
3:56:52 PM,70.24,46,3231.04,ASX,
3:56:52 PM,70.24,41,2879.84,ASX,
3:56:52 PM,70.24,43,3020.32,ASX,
3:56:52 PM,70.24,186,13064.64,ASX,
3:56:52 PM,70.24,4,280.96,ASX,
3:56:52 PM,70.24,1,70.24,ASX,
3:56:52 PM,70.24,2,140.48,ASX,
3:56:51 PM,70.24,53,3722.72,CXA,
3:56:51 PM,70.24,42,2950.08,CXA,
3:56:51 PM,70.24,1,70.24,CXA,
3:56:51 PM,70.24,17,1194.08,ASX,
3:56:51 PM,70.24,41,2879.84,ASX,
3:56:51 PM,70.24,96,6743.04,ASX,
3:56:51 PM,70.24,14,983.36,ASX,
3:56:51 PM,70.24,14,983.36,ASX,
3:56:51 PM,70.24,211,14820.64,ASX,
3:56:51 PM,70.24,176,12362.24,ASX,
3:56:51 PM,70.24,45,3160.8,ASX,
3:56:51 PM,70.24,16,1123.84,ASX,
3:56:51 PM,70.24,8,561.92,ASX,
3:56:51 PM,70.24,56,3933.44,ASX,
3:56:51 PM,70.24,194,13626.56,ASX,
3:56:50 PM,70.24,23,1615.52,CXA,
3:56:50 PM,70.24,27,1896.48,CXA,
3:56:49 PM,70.225,22,1544.95,ASX,CXXT
3:56:49 PM,70.23,1,70.23,ASX,CXXT
3:56:49 PM,70.21,1,70.21,CXA,
3:56:49 PM,70.21,3,210.63,CXA,
3:56:49 PM,70.21,36,2527.56,CXA,
3:56:46 PM,70.24,14,983.36,CXA,
3:56:46 PM,70.24,2,140.48,CXA,
3:56:46 PM,70.24,19,1334.56,CXA,
3:56:46 PM,70.24,20,1404.8,CXA,
3:56:46 PM,70.24,3,210.72,ASX,
3:56:46 PM,70.24,3,210.72,ASX,XT
3:56:46 PM,70.24,11,772.64,ASX,XT
3:56:39 PM,70.24,10,702.4,CXA,
3:56:39 PM,70.24,80,5619.2,CXA,
3:56:38 PM,70.24,2,140.48,ASX,
3:56:38 PM,70.24,18,1264.32,ASX,
3:56:38 PM,70.24,19,1334.56,ASX,
3:56:38 PM,70.24,88,6181.12,ASX,
3:56:38 PM,70.24,73,5127.52,ASX,
3:56:38 PM,70.24,200,14048,ASX,
3:56:36 PM,70.2,90,6318,ASX,
3:56:36 PM,70.2,57,4001.4,ASX,
3:56:36 PM,70.2,210,14742,ASX,
3:56:36 PM,70.2,40,2808,ASX,
3:56:36 PM,70.2,15,1053,ASX,XT
3:56:36 PM,70.2,142,9968.4,ASX,XT
3:56:36 PM,70.2,171,12004.2,ASX,XT
3:56:36 PM,70.21,1,70.21,ASX,
3:56:36 PM,70.21,23,1614.83,ASX,
3:56:36 PM,70.21,66,4633.86,ASX,
3:56:36 PM,70.21,27,1895.67,ASX,
3:56:36 PM,70.21,3,210.63,ASX,
3:56:36 PM,70.21,25,1755.25,ASX,
3:56:36 PM,70.21,143,10040.03,ASX,
3:56:36 PM,70.2,3,210.6,CXA,
3:56:36 PM,70.2,130,9126,CXA,
3:56:36 PM,70.2,1,70.2,CXA,
3:56:36 PM,70.21,57,4001.97,ASX,
3:56:35 PM,70.25,4,281,ASX,
3:56:35 PM,70.25,18,1264.5,ASX,
3:56:35 PM,70.25,24,1686,ASX,
3:56:35 PM,70.25,45,3161.25,ASX,
3:56:35 PM,70.25,74,5198.5,ASX,
3:56:35 PM,70.25,92,6463,ASX,
3:56:35 PM,70.25,79,5549.75,ASX,
3:56:35 PM,70.25,2,140.5,CXA,
3:56:35 PM,70.25,2,140.5,CXA,
3:56:35 PM,70.25,3,210.75,CXA,
3:56:35 PM,70.25,1,70.25,CXA,
3:56:35 PM,70.25,46,3231.5,CXA,
3:56:35 PM,70.25,110,7727.5,CXA,
3:56:30 PM,70.2,229,16075.8,ASX,XT
3:56:30 PM,70.2,1,70.2,CXA,
3:56:30 PM,70.2,121,8494.2,CXA,
3:56:30 PM,70.25,11,772.75,CXA,
3:56:30 PM,70.25,3,210.75,CXA,
3:56:30 PM,70.2,82,5756.4,ASX,
3:56:30 PM,70.2,53,3720.6,ASX,
3:56:30 PM,70.21,92,6459.32,ASX,
3:56:30 PM,70.21,60,4212.6,ASX,
3:56:30 PM,70.21,71,4984.91,ASX,XT
3:56:30 PM,70.21,521,36579.41,ASX,
3:56:30 PM,70.21,38,2667.98,ASX,
3:56:30 PM,70.21,5,351.05,ASX,XT
3:56:30 PM,70.22,2,140.44,ASX,
3:56:30 PM,70.22,1,70.22,ASX,
3:56:30 PM,70.22,1,70.22,ASX,
3:56:30 PM,70.22,32,2247.04,ASX,
3:56:30 PM,70.22,253,17765.66,ASX,
3:56:30 PM,70.22,32,2247.04,ASX,
3:56:30 PM,70.22,43,3019.46,ASX,XT
3:56:30 PM,70.23,22,1545.06,ASX,
3:56:30 PM,70.23,13,912.99,ASX,
3:56:30 PM,70.23,42,2949.66,ASX,
3:56:30 PM,70.23,21,1474.83,ASX,
3:56:30 PM,70.2,220,15444,CXA,
3:56:30 PM,70.21,143,10040.03,CXA,
3:56:30 PM,70.21,226,15867.46,CXA,
3:56:30 PM,70.22,23,1615.06,CXA,
3:56:30 PM,70.22,55,3862.1,CXA,
3:56:30 PM,70.23,1,70.23,CXA,
3:56:30 PM,70.23,2,140.46,CXA,
3:56:30 PM,70.23,2,140.46,CXA,
3:56:30 PM,70.245,79,5549.355,ASX,CXXT
3:56:28 PM,70.245,10,702.45,ASX,CXXT
3:56:28 PM,70.23,28,1966.44,ASX,
3:56:28 PM,70.23,24,1685.52,ASX,
3:56:28 PM,70.23,19,1334.37,ASX,
3:56:28 PM,70.23,40,2809.2,ASX,
3:56:28 PM,70.23,30,2106.9,ASX,
3:56:28 PM,70.23,1,70.23,ASX,
3:56:28 PM,70.23,5,351.15,ASX,
3:56:28 PM,70.23,1,70.23,ASX,
3:56:28 PM,70.23,1,70.23,ASX,
3:56:28 PM,70.23,1,70.23,ASX,
3:56:26 PM,70.23,350,24580.5,ASX,
3:56:26 PM,70.245,42,2950.29,ASX,CXXT
3:56:26 PM,70.23,61,4284.03,CXA,
3:56:26 PM,70.26,22,1545.72,CXA,
3:56:26 PM,70.26,49,3442.74,CXA,
3:56:25 PM,70.26,1,70.26,ASX,
3:56:24 PM,70.245,4,280.98,ASX,CXXT
3:56:24 PM,70.24,67,4706.08,ASX,
3:56:24 PM,70.24,67,4706.08,ASX,
3:56:24 PM,70.24,23,1615.52,ASX,
3:56:24 PM,70.245,6,421.47,ASX,CXXT
3:56:24 PM,70.24,31,2177.44,ASX,
3:56:24 PM,70.24,8,561.92,ASX,
3:56:24 PM,70.24,67,4706.08,ASX,
3:56:24 PM,70.24,16,1123.84,ASX,
3:56:24 PM,70.24,147,10325.28,ASX,
3:56:24 PM,70.24,77,5408.48,ASX,
3:56:24 PM,70.24,11,772.64,ASX,
3:56:24 PM,70.24,241,16927.84,ASX,
3:56:24 PM,70.24,10,702.4,ASX,
3:56:24 PM,70.24,2,140.48,ASX,
3:56:24 PM,70.24,35,2458.4,ASX,
3:56:24 PM,70.24,60,4214.4,ASX,
3:56:24 PM,70.235,315,22124.025,ASX,CXXT
3:56:24 PM,70.24,341,23951.84,ASX,
3:56:24 PM,70.24,393,27604.32,ASX,
3:56:24 PM,70.24,61,4284.64,ASX,
3:56:24 PM,70.24,49,3441.76,ASX,
3:56:24 PM,70.24,60,4214.4,ASX,
3:56:24 PM,70.24,20,1404.8,ASX,
3:56:24 PM,70.24,6,421.44,ASX,
3:56:22 PM,70.25,1,70.25,ASX,CXXT
3:56:22 PM,70.25,26,1826.5,ASX,CXXT
3:56:21 PM,70.24,16,1123.84,ASX,XT
3:56:21 PM,70.24,89,6251.36,ASX,
3:56:21 PM,70.24,30,2107.2,ASX,
3:56:21 PM,70.24,5,351.2,ASX,
3:56:21 PM,70.24,21,1475.04,ASX,
3:56:21 PM,70.24,442,31046.08,ASX,
3:56:21 PM,70.24,37,2598.88,ASX,
3:56:21 PM,70.25,315,22128.75,ASX,CXXT
3:56:21 PM,70.25,109,7657.25,ASX,CXXT
3:56:16 PM,70.24,6,421.44,CXA,
3:56:16 PM,70.24,8,561.92,CXA,
3:56:16 PM,70.24,26,1826.24,CXA,
3:56:16 PM,70.24,35,2458.4,CXA,
3:56:16 PM,70.25,14,983.5,ASX,
3:56:16 PM,70.25,86,6041.5,ASX,
3:56:16 PM,70.25,1000,70250,ASX,
3:56:16 PM,70.25,100,7025,ASX,
3:56:16 PM,70.24,57,4003.68,CXA,
3:56:16 PM,70.25,133,9343.25,CXA,
3:56:16 PM,70.28,50,3514,ASX,
3:56:16 PM,70.26,1,70.26,ASX,
3:56:16 PM,70.26,8,562.08,ASX,
3:56:16 PM,70.26,40,2810.4,ASX,
3:56:16 PM,70.26,60,4215.6,ASX,
3:56:16 PM,70.26,139,9766.14,ASX,
3:56:16 PM,70.26,25,1756.5,ASX,
3:56:16 PM,70.26,45,3161.7,ASX,
3:56:16 PM,70.27,17,1194.59,ASX,
3:56:16 PM,70.27,17,1194.59,ASX,
3:56:16 PM,70.27,77,5410.79,ASX,
3:56:16 PM,70.27,6,421.62,ASX,
3:56:16 PM,70.27,8,562.16,ASX,
3:56:16 PM,70.27,15,1054.05,ASX,
3:56:16 PM,70.28,110,7730.8,ASX,CXXT
3:56:16 PM,70.28,1,70.28,ASX,CXXT
3:56:10 PM,70.29,81,5693.49,CXA,
3:56:10 PM,70.29,4,281.16,CXA,
3:56:10 PM,70.29,10,702.9,CXA,
3:56:10 PM,70.29,5,351.45,CXA,
3:56:08 PM,70.27,80,5621.6,ASX,
3:56:08 PM,70.29,11,773.19,ASX,
3:56:08 PM,70.29,6,421.74,ASX,
3:56:08 PM,70.29,14,984.06,ASX,
3:56:08 PM,70.29,41,2881.89,ASX,
3:56:07 PM,70.27,22,1545.94,ASX,
3:56:07 PM,70.27,2,140.54,ASX,
3:56:07 PM,70.27,6,421.62,ASX,
3:56:07 PM,70.26,169,11873.94,ASX,
3:56:07 PM,70.27,4,281.08,ASX,
3:56:07 PM,70.27,24,1686.48,ASX,
3:56:07 PM,70.27,9,632.43,ASX,
3:56:07 PM,70.27,14,983.78,ASX,
3:56:07 PM,70.27,27,1897.29,ASX,
3:56:07 PM,70.27,30,2108.1,ASX,
3:56:07 PM,70.27,14,983.78,ASX,
3:56:07 PM,70.27,5,351.35,ASX,
3:56:07 PM,70.27,35,2459.45,ASX,
3:56:07 PM,70.28,87,6114.36,ASX,CXXT
3:56:07 PM,70.27,1,70.27,CXA,
3:56:07 PM,70.27,3,210.81,CXA,
3:56:07 PM,70.27,12,843.24,CXA,
3:56:07 PM,70.27,1,70.27,CXA,
3:56:07 PM,70.27,4,281.08,CXA,
3:56:04 PM,70.285,169,11878.165,ASX,CXXT
3:56:03 PM,70.3,23,1616.9,ASX,
3:56:02 PM,70.3,10,703,CXA,
3:56:02 PM,70.3,15,1054.5,CXA,
3:56:02 PM,70.3,35,2460.5,CXA,
3:56:02 PM,70.3,1,70.3,CXA,
3:56:02 PM,70.3,1,70.3,CXA,
3:56:02 PM,70.3,33,2319.9,CXA,
3:56:00 PM,70.285,23,1616.555,ASX,CXXT
3:55:56 PM,70.28,1,70.28,ASX,
3:55:55 PM,70.28,30,2108.4,ASX,
3:55:55 PM,70.28,17,1194.76,ASX,
3:55:55 PM,70.28,54,3795.12,ASX,
3:55:55 PM,70.28,30,2108.4,ASX,
3:55:53 PM,70.28,5,351.4,ASX,
3:55:53 PM,70.31,115,8085.65,ASX,CXXT
3:55:53 PM,70.28,6,421.68,CXA,
3:55:53 PM,70.28,38,2670.64,CXA,
3:55:53 PM,70.28,46,3232.88,CXA,
3:55:53 PM,70.34,33,2321.22,ASX,
3:55:52 PM,70.28,431,30290.68,ASX,
3:55:52 PM,70.28,45,3162.6,ASX,
3:55:52 PM,70.28,24,1686.72,ASX,
3:55:46 PM,70.31,85,5976.35,ASX,CXXT
3:55:46 PM,70.31,30,2109.3,ASX,
3:55:46 PM,70.31,3,210.93,ASX,
3:55:45 PM,70.31,119,8366.89,ASX,CXXT
3:55:45 PM,70.31,354,24889.74,ASX,CXXT
3:55:44 PM,70.3,1,70.3,ASX,
3:55:44 PM,70.28,176,12369.28,ASX,
3:55:44 PM,70.32,1,70.32,ASX,
3:55:44 PM,70.3,106,7451.8,ASX,
3:55:44 PM,70.3,588,41336.4,ASX,
3:55:44 PM,70.3,46,3233.8,ASX,
3:55:44 PM,70.3,531,37329.3,ASX,
3:55:44 PM,70.3,46,3233.8,CXA,
3:55:44 PM,70.3,230,16169,CXA,
3:55:44 PM,70.32,1,70.32,ASX,
3:55:44 PM,70.31,133,9351.23,ASX,
3:55:44 PM,70.31,46,3234.26,ASX,
3:55:44 PM,70.31,113,7945.03,ASX,
3:55:44 PM,70.31,25,1757.75,ASX,
3:55:44 PM,70.32,90,6328.8,ASX,
3:55:44 PM,70.32,4,281.28,ASX,
3:55:44 PM,70.32,36,2531.52,ASX,
3:55:44 PM,70.32,531,37339.92,ASX,
3:55:44 PM,70.33,1,70.33,ASX,
3:55:44 PM,70.33,1,70.33,ASX,
3:55:44 PM,70.33,57,4008.81,ASX,
3:55:44 PM,70.33,32,2250.56,ASX,
3:55:44 PM,70.33,56,3938.48,ASX,
3:55:44 PM,70.33,531,37345.23,ASX,
3:55:44 PM,70.34,4,281.36,ASX,
3:55:44 PM,70.34,19,1336.46,ASX,
3:55:44 PM,70.34,33,2321.22,ASX,
3:55:44 PM,70.34,337,23704.58,ASX,
3:55:44 PM,70.34,59,4150.06,ASX,
3:55:44 PM,70.34,531,37350.54,ASX,
3:55:42 PM,70.345,16,1125.52,ASX,CXXT
3:55:42 PM,70.35,81,5698.35,ASX,
3:55:42 PM,70.35,184,12944.4,ASX,
3:55:42 PM,70.35,79,5557.65,CXA,NX XT
3:55:42 PM,70.35,90,6331.5,CXA,NX XT
3:55:41 PM,70.365,107,7529.055,ASX,CXXT
3:55:41 PM,70.35,1,70.35,ASX,
3:55:41 PM,70.35,87,6120.45,ASX,
3:55:41 PM,70.35,2,140.7,ASX,
3:55:41 PM,70.35,25,1758.75,ASX,
3:55:41 PM,70.35,29,2040.15,ASX,
3:55:41 PM,70.35,13,914.55,ASX,
3:55:41 PM,70.35,15,1055.25,ASX,
3:55:41 PM,70.35,148,10411.8,ASX,
3:55:41 PM,70.35,177,12451.95,ASX,
3:55:41 PM,70.35,60,4221,ASX,
3:55:41 PM,70.35,531,37355.85,ASX,
3:55:41 PM,70.35,1,70.35,CXA,
3:55:41 PM,70.35,1,70.35,CXA,
3:55:41 PM,70.35,230,16180.5,CXA,
3:55:40 PM,70.375,10,703.75,ASX,NXXT
3:55:40 PM,70.375,11,774.125,ASX,NXXT
3:55:37 PM,70.355,169,11889.995,ASX,CXXT
3:55:37 PM,70.355,34,2392.07,ASX,CXXT
3:55:36 PM,70.31,237,16663.47,ASX,
3:55:36 PM,70.31,156,10968.36,ASX,
3:55:36 PM,70.41,424,29853.84,ASX,
3:55:36 PM,70.41,20,1408.2,ASX,
3:55:36 PM,70.4,3,211.2,ASX,
3:55:36 PM,70.4,3,211.2,ASX,
3:55:36 PM,70.4,497,34988.8,ASX,
3:55:36 PM,70.39,3,211.17,ASX,
3:55:36 PM,70.39,2,140.78,ASX,
3:55:36 PM,70.39,497,34983.83,ASX,
3:55:36 PM,70.39,19,1337.41,ASX,
3:55:36 PM,70.38,3,211.14,ASX,
3:55:36 PM,70.38,2,140.76,ASX,
3:55:36 PM,70.38,497,34978.86,ASX,
3:55:36 PM,70.37,1,70.37,ASX,
3:55:36 PM,70.37,204,14355.48,ASX,
3:55:36 PM,70.37,2,140.74,ASX,
3:55:36 PM,70.37,2,140.74,ASX,
3:55:36 PM,70.37,497,34973.89,ASX,
3:55:36 PM,70.37,6,422.22,ASX,
3:55:36 PM,70.36,259,18223.24,ASX,
3:55:36 PM,70.36,521,36657.56,ASX,
3:55:36 PM,70.36,2,140.72,ASX,
3:55:36 PM,70.36,4,281.44,ASX,
3:55:36 PM,70.35,245,17235.75,ASX,
3:55:36 PM,70.35,521,36652.35,ASX,
3:55:36 PM,70.35,2,140.7,ASX,
3:55:36 PM,70.35,6,422.1,ASX,
3:55:36 PM,70.35,26,1829.1,ASX,
3:55:36 PM,70.34,521,36647.14,ASX,
3:55:36 PM,70.34,46,3235.64,ASX,
3:55:36 PM,70.34,81,5697.54,ASX,
3:55:36 PM,70.34,2,140.68,ASX,
3:55:36 PM,70.34,6,422.04,ASX,
3:55:36 PM,70.33,93,6540.69,ASX,
3:55:36 PM,70.33,521,36641.93,ASX,
3:55:36 PM,70.33,63,4430.79,ASX,
3:55:36 PM,70.33,46,3235.18,ASX,
3:55:36 PM,70.33,117,8228.61,ASX,
3:55:36 PM,70.33,200,14066,ASX,
3:55:36 PM,70.32,111,7805.52,ASX,
3:55:36 PM,70.32,93,6539.76,ASX,
3:55:36 PM,70.32,531,37339.92,ASX,
3:55:36 PM,70.32,158,11110.56,ASX,
3:55:36 PM,70.32,45,3164.4,ASX,
3:55:36 PM,70.32,150,10548,ASX,
3:55:36 PM,70.31,150,10546.5,ASX,
3:55:36 PM,70.31,60,4218.6,ASX,
3:55:36 PM,70.31,2,140.62,ASX,
3:55:36 PM,70.31,4,281.24,ASX,
3:55:36 PM,70.31,42,2953.02,ASX,
3:55:36 PM,70.31,2,140.62,ASX,
3:55:36 PM,70.31,185,13007.35,ASX,
3:55:36 PM,70.31,166,11671.46,ASX,
3:55:36 PM,70.31,45,3163.95,ASX,
3:55:36 PM,70.3,233,16379.9,ASX,
3:55:36 PM,70.34,46,3235.64,CXA,
3:55:36 PM,70.34,222,15615.48,CXA,
3:55:36 PM,70.33,46,3235.18,CXA,
3:55:36 PM,70.33,230,16175.9,CXA,
3:55:36 PM,70.32,74,5203.68,CXA,
3:55:36 PM,70.31,1,70.31,CXA,
3:55:36 PM,70.3,45,3163.5,CXA,
3:55:36 PM,70.3,7,492.1,CXA,
3:55:36 PM,70.3,1,70.3,ASX,
3:55:36 PM,70.3,1,70.3,CXA,
3:55:36 PM,70.3,1,70.3,CXA,
3:55:36 PM,70.3,28,1968.4,CXA,
3:55:36 PM,70.3,16,1124.8,ASX,
3:55:36 PM,70.3,48,3374.4,ASX,
3:55:36 PM,70.3,1,70.3,ASX,
3:55:36 PM,70.3,51,3585.3,ASX,
3:55:35 PM,70.3,64,4499.2,ASX,
3:55:35 PM,70.3,47,3304.1,ASX,
3:55:30 PM,70.3,71,4991.3,ASX,
3:55:30 PM,70.3,29,2038.7,CXA,
3:55:29 PM,70.29,134,9418.86,ASX,CXXT
3:55:29 PM,70.28,319,22419.32,ASX,
3:55:29 PM,70.28,14,983.92,ASX,
3:55:29 PM,70.28,10,702.8,ASX,
3:55:29 PM,70.28,21,1475.88,ASX,
3:55:29 PM,70.28,1,70.28,ASX,
3:55:29 PM,70.28,200,14056,ASX,
3:55:28 PM,70.3,4,281.2,ASX,
3:55:28 PM,70.3,19,1335.7,ASX,
3:55:28 PM,70.3,1,70.3,ASX,
3:55:28 PM,70.3,31,2179.3,ASX,
3:55:28 PM,70.3,1,70.3,ASX,
3:55:28 PM,70.3,46,3233.8,ASX,
3:55:28 PM,70.3,38,2671.4,ASX,
3:55:28 PM,70.3,153,10755.9,ASX,
3:55:28 PM,70.3,2,140.6,CXA,
3:55:28 PM,70.3,4,281.2,CXA,
3:55:28 PM,70.3,10,703,CXA,
3:55:28 PM,70.3,75,5272.5,CXA,
3:55:28 PM,70.3,22,1546.6,ASX,
3:55:28 PM,70.3,61,4288.3,ASX,
3:55:28 PM,70.3,103,7240.9,ASX,
3:55:23 PM,70.3,97,6819.1,ASX,
3:55:23 PM,70.29,44,3092.76,ASX,
3:55:23 PM,70.29,4,281.16,ASX,
3:55:23 PM,70.29,172,12089.88,ASX,XT
3:55:23 PM,70.29,48,3373.92,ASX,
3:55:23 PM,70.29,73,5131.17,CXA,
3:55:23 PM,70.29,1,70.29,CXA,
3:55:23 PM,70.29,14,984.06,CXA,
3:55:23 PM,70.29,39,2741.31,CXA,
3:55:22 PM,70.29,1,70.29,ASX,
3:55:22 PM,70.29,1,70.29,ASX,
3:55:22 PM,70.29,56,3936.24,ASX,
3:55:22 PM,70.29,19,1335.51,ASX,
3:55:22 PM,70.29,23,1616.67,ASX,
3:55:22 PM,70.29,17,1194.93,ASX,
3:55:22 PM,70.29,9,632.61,ASX,
3:55:22 PM,70.29,175,12300.75,ASX,
3:55:22 PM,70.29,8,562.32,ASX,
3:55:22 PM,70.29,44,3092.76,ASX,
3:55:22 PM,70.29,18,1265.22,ASX,
3:55:22 PM,70.29,4,281.16,ASX,
3:55:22 PM,70.29,11,773.19,ASX,
3:55:22 PM,70.29,15,1054.35,ASX,
3:55:22 PM,70.29,236,16588.44,ASX,
3:55:22 PM,70.29,200,14058,ASX,
3:55:21 PM,70.28,22,1546.16,ASX,CXXT
3:55:18 PM,70.27,193,13562.11,ASX,
3:55:18 PM,70.27,9,632.43,ASX,
3:55:18 PM,70.27,51,3583.77,ASX,
3:55:18 PM,70.28,5,351.4,ASX,
3:55:18 PM,70.28,1,70.28,ASX,
3:55:18 PM,70.28,2,140.56,ASX,
3:55:18 PM,70.28,5,351.4,ASX,
3:55:17 PM,70.27,46,3232.42,CXA,
3:55:17 PM,70.27,1,70.27,CXA,
3:55:17 PM,70.28,5,351.4,CXA,
3:55:17 PM,70.28,1,70.28,CXA,
3:55:17 PM,70.28,10,702.8,ASX,
3:55:17 PM,70.28,78,5481.84,ASX,
3:55:17 PM,70.28,30,2108.4,ASX,
3:55:17 PM,70.28,21,1475.88,ASX,
3:55:17 PM,70.28,23,1616.44,ASX,
3:55:17 PM,70.28,6,421.68,ASX,
3:55:17 PM,70.28,18,1265.04,ASX,
3:55:17 PM,70.28,42,2951.76,ASX,
3:55:17 PM,70.295,4759,334533.905,ASX,CXXT
3:55:17 PM,70.295,111,7802.745,ASX,CXXT
3:55:14 PM,70.31,45,3163.95,CXA,
3:55:14 PM,70.31,2,140.62,CXA,
3:55:14 PM,70.31,32,2249.92,CXA,
3:55:14 PM,70.31,56,3937.36,CXA,
3:55:12 PM,70.28,8,562.24,ASX,
3:55:12 PM,70.28,2,140.56,ASX,
3:55:12 PM,70.28,4,281.12,ASX,
3:55:12 PM,70.28,4,281.12,ASX,
3:55:11 PM,70.3,353,24815.9,ASX,CXXT
3:55:09 PM,70.305,131,9209.955,ASX,CXXT
3:55:08 PM,70.28,79,5552.12,ASX,
3:55:08 PM,70.28,52,3654.56,ASX,
3:55:08 PM,70.29,3,210.87,ASX,
3:55:08 PM,70.31,330,23202.3,ASX,CXXT
3:55:08 PM,70.31,1,70.31,ASX,NXXT
3:55:07 PM,70.31,35,2460.85,ASX,NXXT
3:55:06 PM,70.29,1,70.29,ASX,
3:55:06 PM,70.3,54,3796.2,ASX,
3:55:06 PM,70.3,59,4147.7,ASX,
3:55:06 PM,70.3,6,421.8,ASX,
3:55:06 PM,70.3,40,2812,ASX,
3:55:06 PM,70.3,588,41336.4,ASX,
3:55:06 PM,70.31,1,70.31,ASX,
3:55:06 PM,70.31,15,1054.65,ASX,
3:55:06 PM,70.31,4,281.24,ASX,
3:55:06 PM,70.31,1,70.31,ASX,
3:55:06 PM,70.31,1,70.31,ASX,
3:55:06 PM,70.31,89,6257.59,ASX,
3:55:06 PM,70.31,42,2953.02,ASX,
3:55:06 PM,70.31,38,2671.78,CXA,
3:55:06 PM,70.31,45,3163.95,ASX,
3:55:06 PM,70.31,41,2882.71,ASX,
3:55:06 PM,70.31,5,351.55,ASX,
3:55:06 PM,70.31,36,2531.16,ASX,
3:55:06 PM,70.31,21,1476.51,ASX,
3:55:06 PM,70.31,6,421.86,ASX,
3:55:06 PM,70.31,132,9280.92,ASX,
3:55:03 PM,70.32,135,9493.2,ASX,
3:55:03 PM,70.32,52,3656.64,ASX,
3:55:03 PM,70.32,42,2953.44,ASX,
3:55:02 PM,70.32,20,1406.4,ASX,
3:55:02 PM,70.32,30,2109.6,ASX,
3:55:02 PM,70.32,29,2039.28,ASX,
3:55:02 PM,70.32,13,914.16,ASX,
3:55:02 PM,70.32,17,1195.44,ASX,
3:55:02 PM,70.32,30,2109.6,ASX,
3:55:02 PM,70.32,26,1828.32,ASX,
3:55:02 PM,70.32,1,70.32,ASX,
3:55:02 PM,70.32,6,421.92,CXA,
3:55:02 PM,70.32,3,210.96,CXA,
3:55:02 PM,70.32,5,351.6,CXA,
3:55:02 PM,70.32,1,70.32,CXA,
3:55:02 PM,70.32,19,1336.08,CXA,
3:55:02 PM,70.33,50,3516.5,ASX,CXXT
3:55:01 PM,70.33,41,2883.53,ASX,CXXT
3:55:01 PM,70.34,17,1195.78,CXA,
3:55:01 PM,70.34,2,140.68,CXA,
3:54:59 PM,70.32,2,140.64,ASX,
3:54:59 PM,70.33,16,1125.28,ASX,CXXT
3:54:58 PM,70.33,2,140.66,ASX,CXXT
3:54:58 PM,70.33,315,22153.95,ASX,CXXT
3:54:58 PM,70.33,8,562.64,ASX,CXXT
3:54:57 PM,70.33,8,562.64,ASX,CXXT
3:54:57 PM,70.33,8,562.64,ASX,CXXT
3:54:57 PM,70.33,2,140.66,ASX,CXXT
3:54:57 PM,70.34,2,140.68,ASX,
3:54:55 PM,70.33,1,70.33,ASX,
3:54:55 PM,70.33,1,70.33,ASX,XT
3:54:55 PM,70.33,32,2250.56,ASX,
3:54:55 PM,70.33,21,1476.93,ASX,XT
3:54:55 PM,70.33,1,70.33,ASX,
3:54:55 PM,70.33,2,140.66,ASX,
3:54:55 PM,70.33,8,562.64,ASX,
3:54:55 PM,70.33,43,3024.19,ASX,
3:54:55 PM,70.31,11,773.41,ASX,
3:54:55 PM,70.31,14,984.34,ASX,
3:54:54 PM,70.33,463,32562.79,ASX,
3:54:54 PM,70.31,1,70.31,ASX,
3:54:54 PM,70.3,92,6467.6,ASX,
3:54:54 PM,70.31,5,351.55,ASX,
3:54:54 PM,70.31,64,4499.84,ASX,
3:54:54 PM,70.31,140,9843.4,ASX,
3:54:54 PM,70.32,134,9422.88,ASX,
3:54:54 PM,70.32,46,3234.72,ASX,
3:54:54 PM,70.32,49,3445.68,ASX,
3:54:54 PM,70.32,642,45145.44,ASX,
3:54:54 PM,70.32,4,281.28,ASX,
3:54:54 PM,70.32,8,562.56,ASX,
3:54:54 PM,70.32,506,35581.92,ASX,
3:54:54 PM,70.31,3,210.93,ASX,
3:54:54 PM,70.31,17,1195.27,CXA,
3:54:54 PM,70.31,79,5554.49,ASX,
3:54:54 PM,70.31,58,4077.98,ASX,
3:54:54 PM,70.31,10,703.1,ASX,
3:54:54 PM,70.31,144,10124.64,ASX,
3:54:54 PM,70.31,6,421.86,ASX,
3:54:54 PM,70.31,47,3304.57,ASX,
3:54:54 PM,70.31,8,562.48,ASX,
3:54:54 PM,70.31,8,562.48,ASX,
3:54:54 PM,70.31,103,7241.93,ASX,
3:54:54 PM,70.3,46,3233.8,ASX,
3:54:54 PM,70.3,1,70.3,ASX,XT
3:54:54 PM,70.3,476,33462.8,ASX,
3:54:54 PM,70.3,43,3022.9,ASX,
3:54:54 PM,70.3,90,6327,ASX,
3:54:54 PM,70.3,20,1406,ASX,
3:54:54 PM,70.3,30,2109,ASX,XT
3:54:54 PM,70.3,136,9560.8,ASX,
3:54:54 PM,70.3,14,984.2,ASX,
3:54:54 PM,70.3,19,1335.7,ASX,
3:54:54 PM,70.3,13,913.9,ASX,
3:54:54 PM,70.3,20,1406,ASX,
3:54:54 PM,70.3,36,2530.8,ASX,XT
3:54:54 PM,70.3,237,16661.1,ASX,
3:54:54 PM,70.3,48,3374.4,CXA,
3:54:54 PM,70.3,43,3022.9,CXA,
3:54:54 PM,70.3,5,351.5,CXA,
3:54:54 PM,70.3,53,3725.9,CXA,
3:54:54 PM,70.3,19,1335.7,CXA,
3:54:54 PM,70.3,204,14341.2,CXA,
3:54:54 PM,70.3,139,9771.7,CXA,
3:54:54 PM,70.3,3,210.9,CXA,
3:54:54 PM,70.3,3,210.9,CXA,
3:54:54 PM,70.3,1,70.3,CXA,
3:54:54 PM,70.3,1,70.3,CXA,
3:54:54 PM,70.3,81,5694.3,CXA,
3:54:54 PM,70.3,4,281.2,CXA,
3:54:51 PM,70.3,20,1406,ASX,
3:54:49 PM,70.29,175,12300.75,ASX,CXXT
3:54:48 PM,70.31,47,3304.57,ASX,
3:54:43 PM,70.27,64,4497.28,ASX,
3:54:43 PM,70.29,39,2741.31,ASX,CXXT
3:54:43 PM,70.29,32,2249.28,ASX,CXXT
3:54:43 PM,70.29,315,22141.35,ASX,CXXT
3:54:41 PM,70.31,64,4499.84,ASX,
3:54:41 PM,70.31,17,1195.27,ASX,
3:54:40 PM,70.31,47,3304.57,ASX,
3:54:40 PM,70.31,53,3726.43,ASX,
3:54:40 PM,70.31,7,492.17,CXA,
3:54:38 PM,70.29,47,3303.63,CXA,NX XT
3:54:37 PM,70.31,135,9491.85,ASX,
3:54:35 PM,70.31,20,1406.2,ASX,
3:54:35 PM,70.31,5,351.55,ASX,
3:54:35 PM,70.31,8,562.48,ASX,
3:54:35 PM,70.31,20,1406.2,ASX,
3:54:33 PM,70.3,142,9982.6,ASX,
3:54:33 PM,70.3,76,5342.8,ASX,XT
3:54:33 PM,70.3,44,3093.2,ASX,
3:54:33 PM,70.3,93,6537.9,ASX,
3:54:33 PM,70.3,100,7030,ASX,
3:54:33 PM,70.3,190,13357,ASX,
3:54:33 PM,70.3,40,2812,ASX,
3:54:33 PM,70.3,9,632.7,ASX,
3:54:33 PM,70.3,46,3233.8,CXA,
3:54:33 PM,70.29,3,210.87,ASX,
3:54:33 PM,70.29,4,281.16,ASX,
3:54:33 PM,70.29,47,3303.63,ASX,
3:54:33 PM,70.29,62,4357.98,ASX,
3:54:33 PM,70.29,135,9489.15,ASX,
3:54:33 PM,70.29,2,140.58,ASX,
3:54:33 PM,70.28,35,2459.8,ASX,
3:54:33 PM,70.28,41,2881.48,ASX,
3:54:33 PM,70.28,37,2600.36,ASX,
3:54:33 PM,70.28,2,140.56,ASX,
3:54:33 PM,70.28,8,562.24,ASX,
3:54:33 PM,70.28,15,1054.2,CXA,
3:54:33 PM,70.28,2,140.56,CXA,
3:54:32 PM,70.28,37,2600.36,ASX,
3:54:32 PM,70.28,2,140.56,ASX,
3:54:32 PM,70.28,1,70.28,ASX,
3:54:32 PM,70.28,2,140.56,ASX,
3:54:32 PM,70.28,19,1335.32,ASX,
3:54:32 PM,70.28,96,6746.88,ASX,
3:54:32 PM,70.28,3,210.84,ASX,
3:54:32 PM,70.28,40,2811.2,ASX,
3:54:31 PM,70.265,104,7307.56,CXA,NX XT
3:54:29 PM,70.27,20,1405.4,ASX,XT
3:54:29 PM,70.27,51,3583.77,ASX,
3:54:29 PM,70.27,52,3654.04,ASX,
3:54:28 PM,70.27,41,2881.07,ASX,XT
3:54:28 PM,70.27,38,2670.26,ASX,
3:54:28 PM,70.27,46,3232.42,ASX,
3:54:28 PM,70.27,25,1756.75,ASX,
3:54:28 PM,70.27,17,1194.59,ASX,
3:54:28 PM,70.27,20,1405.4,ASX,
3:54:28 PM,70.27,40,2810.8,CXA,
3:54:28 PM,70.27,15,1054.05,CXA,
3:54:27 PM,70.25,49,3442.25,ASX,NXXT
3:54:25 PM,70.27,18,1264.86,ASX,
3:54:25 PM,70.27,128,8994.56,ASX,
3:54:21 PM,70.23,56,3932.88,ASX,
3:54:15 PM,70.23,63,4424.49,ASX,
3:54:15 PM,70.23,4,280.92,ASX,
3:54:15 PM,70.23,7,491.61,ASX,
3:54:15 PM,70.23,34,2387.82,ASX,
3:54:15 PM,70.23,9,632.07,ASX,
3:54:15 PM,70.23,56,3932.88,ASX,
3:54:15 PM,70.23,1,70.23,ASX,
3:54:15 PM,70.23,22,1545.06,ASX,
3:54:15 PM,70.24,17,1194.08,ASX,
3:54:15 PM,70.24,13,913.12,ASX,
3:54:15 PM,70.24,5,351.2,ASX,
3:54:15 PM,70.24,4,280.96,ASX,
3:54:15 PM,70.24,172,12081.28,ASX,
3:54:15 PM,70.25,8,562,ASX,
3:54:15 PM,70.25,46,3231.5,ASX,
3:54:15 PM,70.25,29,2037.25,ASX,
3:54:15 PM,70.23,12,842.76,CXA,
3:54:15 PM,70.24,1,70.24,CXA,
3:54:15 PM,70.25,4,281,CXA,
3:54:15 PM,70.27,34,2389.18,ASX,
3:54:15 PM,70.27,14,983.78,ASX,
3:54:15 PM,70.27,82,5762.14,ASX,
3:54:15 PM,70.24,28,1966.72,ASX,
3:54:15 PM,70.25,6,421.5,CXA,
3:54:15 PM,70.25,47,3301.75,ASX,
3:54:15 PM,70.25,47,3301.75,ASX,
3:54:15 PM,70.25,5,351.25,CXA,
3:54:15 PM,70.26,2,140.52,ASX,
3:54:15 PM,70.26,50,3513,ASX,
3:54:15 PM,70.26,45,3161.7,ASX,
3:54:15 PM,70.26,39,2740.14,ASX,
3:54:15 PM,70.26,110,7728.6,ASX,
3:54:15 PM,70.26,10,702.6,ASX,
3:54:15 PM,70.26,4,281.04,ASX,
3:54:15 PM,70.25,2,140.5,ASX,
3:54:15 PM,70.25,27,1896.75,ASX,
3:54:15 PM,70.25,18,1264.5,ASX,
3:54:15 PM,70.25,65,4566.25,ASX,
3:54:15 PM,70.25,35,2458.75,ASX,
3:54:15 PM,70.26,46,3231.96,CXA,
3:54:15 PM,70.26,2,140.52,CXA,
3:54:15 PM,70.25,11,772.75,CXA,
3:54:14 PM,70.25,26,1826.5,ASX,
3:54:14 PM,70.25,15,1053.75,CXA,
3:54:14 PM,70.25,36,2529,CXA,
3:54:14 PM,70.25,81,5690.25,CXA,
3:54:14 PM,70.25,67,4706.75,ASX,
3:54:14 PM,70.25,4,281,ASX,
3:54:14 PM,70.25,69,4847.25,ASX,
3:54:14 PM,70.25,5,351.25,ASX,
3:54:14 PM,70.25,1,70.25,ASX,
3:54:14 PM,70.25,49,3442.25,ASX,
3:54:10 PM,70.24,154,10816.96,ASX,XT
3:54:10 PM,70.24,5,351.2,ASX,
3:54:10 PM,70.24,1,70.24,ASX,
3:54:10 PM,70.24,23,1615.52,ASX,
3:54:10 PM,70.24,10,702.4,ASX,
3:54:10 PM,70.24,2,140.48,CXA,
3:54:10 PM,70.22,17,1193.74,ASX,
3:54:10 PM,70.22,1,70.22,ASX,
3:54:10 PM,70.22,132,9269.04,ASX,
3:54:10 PM,70.24,1,70.24,ASX,
3:54:09 PM,70.24,53,3722.72,ASX,
3:54:09 PM,70.24,16,1123.84,ASX,
3:54:09 PM,70.24,29,2036.96,ASX,
3:54:09 PM,70.24,100,7024,ASX,
3:54:08 PM,70.23,300,21069,ASX,CXXT
3:54:07 PM,70.24,48,3371.52,ASX,
3:54:04 PM,70.24,68,4776.32,ASX,
3:54:04 PM,70.24,2,140.48,ASX,
3:54:03 PM,70.24,19,1334.56,CXA,
3:54:03 PM,70.24,81,5689.44,CXA,
3:54:02 PM,70.23,17,1193.91,ASX,NXXT
3:54:00 PM,70.24,1,70.24,CXA,
3:54:00 PM,70.24,479,33644.96,ASX,
3:54:00 PM,70.24,1,70.24,ASX,
3:54:00 PM,70.24,3,210.72,ASX,
3:54:00 PM,70.24,511,35892.64,ASX,
3:54:00 PM,70.24,5,351.2,ASX,
3:54:00 PM,70.24,1,70.24,ASX,
3:54:00 PM,70.23,1,70.23,ASX,CXXT
3:53:59 PM,70.23,81,5688.63,ASX,CXXT
3:53:59 PM,70.24,48,3371.52,ASX,
3:53:57 PM,70.22,1,70.22,ASX,
3:53:57 PM,70.23,17,1193.91,ASX,
3:53:57 PM,70.23,2,140.46,ASX,
3:53:57 PM,70.23,30,2106.9,ASX,
3:53:57 PM,70.23,27,1896.21,ASX,
3:53:57 PM,70.23,1,70.23,CXA,
3:53:57 PM,70.23,1,70.23,CXA,
3:53:57 PM,70.23,15,1053.45,CXA,
3:53:56 PM,70.23,19,1334.37,ASX,
3:53:56 PM,70.23,30,2106.9,ASX,
3:53:56 PM,70.23,45,3160.35,ASX,
3:53:55 PM,70.225,132,9269.7,ASX,CXXT
3:53:54 PM,70.225,242,16994.45,ASX,CXXT
3:53:52 PM,70.23,6,421.38,ASX,
3:53:52 PM,70.225,200,14045,ASX,CXXT
3:53:51 PM,70.225,291,20435.475,ASX,CXXT
3:53:51 PM,70.23,3,210.69,ASX,
3:53:51 PM,70.23,3,210.69,ASX,
3:53:51 PM,70.23,17,1193.91,ASX,
3:53:51 PM,70.23,36,2528.28,ASX,
3:53:51 PM,70.23,33,2317.59,ASX,
3:53:51 PM,70.23,174,12220.02,ASX,
3:53:51 PM,70.23,72,5056.56,ASX,
3:53:51 PM,70.24,1,70.24,CXA,
3:53:50 PM,70.24,1,70.24,ASX,
3:53:50 PM,70.23,70,4916.1,ASX,
3:53:50 PM,70.23,1,70.23,ASX,
3:53:50 PM,70.235,316,22194.26,ASX,CXXT
3:53:50 PM,70.23,35,2458.05,ASX,
3:53:50 PM,70.23,3,210.69,ASX,
3:53:50 PM,70.23,14,983.22,ASX,
3:53:50 PM,70.23,12,842.76,ASX,
3:53:50 PM,70.23,45,3160.35,ASX,
3:53:50 PM,70.23,1,70.23,CXA,
3:53:50 PM,70.23,1,70.23,CXA,
3:53:50 PM,70.23,2,140.46,CXA,
3:53:50 PM,70.23,3,210.69,CXA,
3:53:50 PM,70.23,4,280.92,CXA,
3:53:49 PM,70.24,27,1896.48,ASX,
3:53:49 PM,70.24,15,1053.6,ASX,
3:53:49 PM,70.24,2,140.48,ASX,
3:53:49 PM,70.24,16,1123.84,ASX,
3:53:49 PM,70.24,1,70.24,ASX,
3:53:48 PM,70.24,18,1264.32,ASX,XT
3:53:48 PM,70.24,2,140.48,ASX,
3:53:48 PM,70.24,7,491.68,ASX,
3:53:47 PM,70.26,9,632.34,ASX,
3:53:47 PM,70.25,64,4496,ASX,
3:53:47 PM,70.25,4,281,ASX,
3:53:47 PM,70.25,40,2810,ASX,
3:53:47 PM,70.25,42,2950.5,ASX,
3:53:47 PM,70.25,96,6744,ASX,
3:53:47 PM,70.24,8,561.92,ASX,
3:53:47 PM,70.24,6,421.44,ASX,
3:53:47 PM,70.24,22,1545.28,ASX,
3:53:47 PM,70.24,1,70.24,ASX,
3:53:47 PM,70.24,25,1756,ASX,
3:53:47 PM,70.26,73,5128.98,CXA,
3:53:47 PM,70.26,2,140.52,CXA,
3:53:47 PM,70.26,48,3372.48,CXA,
3:53:47 PM,70.25,48,3372,CXA,
3:53:47 PM,70.24,12,842.88,CXA,
3:53:45 PM,70.24,31,2177.44,ASX,
3:53:45 PM,70.24,3,210.72,ASX,
3:53:45 PM,70.24,16,1123.84,ASX,
3:53:45 PM,70.24,18,1264.32,CXA,
3:53:45 PM,70.24,30,2107.2,CXA,
3:53:45 PM,70.24,2,140.48,CXA,
3:53:44 PM,70.22,1,70.22,ASX,
3:53:44 PM,70.22,39,2738.58,ASX,
3:53:44 PM,70.22,9,631.98,ASX,
3:53:44 PM,70.22,37,2598.14,ASX,
3:53:44 PM,70.22,26,1825.72,ASX,
3:53:44 PM,70.24,80,5619.2,ASX,
3:53:44 PM,70.24,51,3582.24,ASX,
3:53:44 PM,70.24,29,2036.96,ASX,
3:53:43 PM,70.24,6,421.44,ASX,
3:53:43 PM,70.24,48,3371.52,CXA,
3:53:43 PM,70.24,6,421.44,CXA,
3:53:43 PM,70.23,34,2387.82,ASX,
3:53:43 PM,70.23,12,842.76,ASX,
3:53:43 PM,70.23,83,5829.09,ASX,
3:53:43 PM,70.23,53,3722.19,ASX,
3:53:43 PM,70.23,86,6039.78,CXA,
3:53:43 PM,70.23,1,70.23,CXA,
3:53:43 PM,70.23,2,140.46,CXA,
3:53:42 PM,70.23,66,4635.18,ASX,
3:53:42 PM,70.23,10,702.3,ASX,
3:53:42 PM,70.23,16,1123.68,ASX,
3:53:42 PM,70.23,4,280.92,ASX,
3:53:42 PM,70.23,3,210.69,ASX,
3:53:42 PM,70.23,42,2949.66,ASX,
3:53:41 PM,70.21,1,70.21,ASX,
3:53:40 PM,70.215,19,1334.085,ASX,CXXT
3:53:40 PM,70.215,35,2457.525,ASX,NXXT
3:53:40 PM,70.23,60,4213.8,ASX,
3:53:40 PM,70.23,25,1755.75,CXA,
3:53:39 PM,70.23,2,140.46,CXA,
3:53:39 PM,70.23,2,140.46,CXA,
3:53:39 PM,70.23,5,351.15,ASX,
3:53:30 PM,70.215,8,561.72,ASX,NXXT
3:53:29 PM,70.22,1,70.22,ASX,
3:53:29 PM,70.22,20,1404.4,ASX,
3:53:29 PM,70.21,136,9548.56,ASX,CXXT
3:53:29 PM,70.23,105,7374.15,ASX,
3:53:29 PM,70.23,51,3581.73,ASX,
3:53:29 PM,70.23,183,12852.09,ASX,
3:53:29 PM,70.22,16,1123.52,ASX,
3:53:29 PM,70.22,1,70.22,ASX,
3:53:29 PM,70.22,1,70.22,CXA,
3:53:29 PM,70.22,1,70.22,CXA,
3:53:29 PM,70.22,2,140.44,CXA,
3:53:28 PM,70.22,12,842.64,ASX,
3:53:27 PM,70.22,30,2106.6,ASX,
3:53:27 PM,70.22,13,912.86,ASX,
3:53:27 PM,70.22,10,702.2,ASX,
3:53:27 PM,70.21,544,38194.24,ASX,CXXT
3:53:27 PM,70.22,41,2879.02,ASX,
3:53:25 PM,70.22,101,7092.22,ASX,
3:53:25 PM,70.22,4,280.88,ASX,
3:53:25 PM,70.22,1,70.22,ASX,
3:53:25 PM,70.22,1,70.22,ASX,
3:53:25 PM,70.22,29,2036.38,ASX,
3:53:25 PM,70.22,51,3581.22,ASX,
3:53:25 PM,70.22,37,2598.14,ASX,
3:53:25 PM,70.22,9,631.98,ASX,
3:53:25 PM,70.22,7,491.54,ASX,
3:53:25 PM,70.23,110,7725.3,ASX,
3:53:25 PM,70.23,63,4424.49,ASX,
3:53:25 PM,70.23,6,421.38,ASX,
3:53:25 PM,70.23,25,1755.75,ASX,
3:53:25 PM,70.23,67,4705.41,ASX,
3:53:25 PM,70.23,126,8848.98,ASX,
3:53:25 PM,70.23,4,280.92,ASX,
3:53:25 PM,70.23,1,70.23,ASX,
3:53:25 PM,70.23,29,2036.67,ASX,
3:53:25 PM,70.23,1,70.23,ASX,
3:53:25 PM,70.23,17,1193.91,ASX,
3:53:25 PM,70.23,23,1615.29,ASX,
3:53:25 PM,70.23,13,912.99,ASX,
3:53:25 PM,70.23,30,2106.9,ASX,XT
3:53:25 PM,70.23,109,7655.07,CXA,
3:53:25 PM,70.23,2,140.46,CXA,
3:53:24 PM,70.235,95,6672.325,ASX,CXXT
3:53:24 PM,70.235,22,1545.17,ASX,CXXT
3:53:24 PM,70.235,4,280.94,ASX,CXXT
3:53:24 PM,70.24,5,351.2,ASX,
3:53:22 PM,70.235,40,2809.4,ASX,CXXT
3:53:22 PM,70.235,3,210.705,ASX,CXXT
3:53:22 PM,70.24,10,702.4,ASX,
3:53:22 PM,70.24,39,2739.36,ASX,
3:53:21 PM,70.235,292,20508.62,ASX,CXXT
3:53:20 PM,70.24,2,140.48,CXA,
3:53:20 PM,70.23,3,210.69,ASX,
3:53:20 PM,70.24,26,1826.24,ASX,
3:53:20 PM,70.23,10,702.3,CXA,
3:53:20 PM,70.23,2,140.46,CXA,
3:53:20 PM,70.23,2,140.46,CXA,
3:53:20 PM,70.23,2,140.46,CXA,
3:53:19 PM,70.23,170,11939.1,ASX,
3:53:18 PM,70.24,1,70.24,ASX,
3:53:18 PM,70.24,3,210.72,ASX,
3:53:18 PM,70.24,4,280.96,ASX,
3:53:18 PM,70.23,152,10674.96,ASX,CXXT
3:53:18 PM,70.22,2,140.44,CXA,
3:53:18 PM,70.24,5,351.2,ASX,
3:53:18 PM,70.24,1,70.24,ASX,
3:53:18 PM,70.25,1,70.25,ASX,
3:53:18 PM,70.25,96,6744,ASX,
3:53:18 PM,70.25,501,35195.25,ASX,
3:53:18 PM,70.24,33,2317.92,ASX,
3:53:18 PM,70.24,13,913.12,ASX,
3:53:18 PM,70.24,10,702.4,ASX,
3:53:18 PM,70.24,3,210.72,ASX,
3:53:18 PM,70.24,37,2598.88,ASX,
3:53:18 PM,70.24,37,2598.88,ASX,
3:53:18 PM,70.24,96,6743.04,ASX,
3:53:18 PM,70.24,501,35190.24,ASX,
3:53:18 PM,70.24,1,70.24,ASX,
3:53:18 PM,70.24,826,58018.24,ASX,
3:53:18 PM,70.24,42,2950.08,ASX,
3:53:16 PM,70.23,420,29496.6,ASX,CXXT
3:53:16 PM,70.24,48,3371.52,ASX,
3:53:14 PM,70.23,55,3862.65,ASX,
3:53:14 PM,70.23,43,3019.89,ASX,
3:53:14 PM,70.23,147,10323.81,ASX,
3:53:13 PM,70.23,323,22684.29,ASX,
3:53:13 PM,70.23,20,1404.6,ASX,
3:53:11 PM,70.22,5,351.1,ASX,
3:53:11 PM,70.22,45,3159.9,ASX,
3:53:11 PM,70.22,19,1334.18,ASX,
3:53:11 PM,70.22,48,3370.56,ASX,
3:53:11 PM,70.22,66,4634.52,ASX,
3:53:11 PM,70.22,67,4704.74,ASX,
3:53:11 PM,70.22,39,2738.58,ASX,
3:53:11 PM,70.22,42,2949.24,ASX,
3:53:11 PM,70.22,1,70.22,ASX,
3:53:11 PM,70.22,8,561.76,ASX,
3:53:11 PM,70.22,50,3511,ASX,
3:53:11 PM,70.22,46,3230.12,ASX,
3:53:11 PM,70.22,45,3159.9,ASX,
3:53:11 PM,70.21,34,2387.14,ASX,
3:53:11 PM,70.21,2,140.42,ASX,
3:53:11 PM,70.22,48,3370.56,CXA,
3:53:11 PM,70.21,7,491.47,CXA,
3:53:11 PM,70.21,2,140.42,CXA,
3:53:11 PM,70.21,1,70.21,CXA,
3:53:11 PM,70.21,1,70.21,CXA,
3:53:10 PM,70.21,21,1474.41,ASX,
3:53:10 PM,70.21,36,2527.56,ASX,
3:53:10 PM,70.21,9,631.89,ASX,
3:53:10 PM,70.21,83,5827.43,ASX,
3:53:10 PM,70.2,5,351,CXA,
3:53:10 PM,70.2,2,140.4,CXA,
3:53:10 PM,70.2,1,70.2,CXA,
3:53:10 PM,70.2,9,631.8,CXA,
3:53:10 PM,70.21,1,70.21,ASX,
3:53:10 PM,70.21,19,1333.99,ASX,
3:53:10 PM,70.21,19,1333.99,ASX,
3:53:10 PM,70.21,14,982.94,ASX,
3:53:10 PM,70.21,20,1404.2,ASX,
3:53:10 PM,70.21,72,5055.12,ASX,
3:53:10 PM,70.21,20,1404.2,ASX,XT
3:53:09 PM,70.2,1,70.2,ASX,NXXT
3:53:09 PM,70.21,1,70.21,CXA,
3:53:08 PM,70.21,65,4563.65,ASX,
3:53:05 PM,70.2,64,4492.8,ASX,CXXT
3:53:04 PM,70.22,45,3159.9,CXA,
3:52:58 PM,70.21,29,2036.09,ASX,NXXT
3:52:55 PM,70.215,21,1474.515,ASX,CXXT
3:52:53 PM,70.19,27,1895.13,ASX,
3:52:53 PM,70.2,1,70.2,ASX,
3:52:53 PM,70.2,1,70.2,ASX,
3:52:53 PM,70.2,100,7020,ASX,
3:52:53 PM,70.21,4,280.84,ASX,
3:52:53 PM,70.23,100,7023,ASX,
3:52:53 PM,70.23,8,561.84,ASX,
3:52:53 PM,70.23,92,6461.16,ASX,
3:52:53 PM,70.22,5,351.1,CXA,
3:52:52 PM,70.23,101,7093.23,ASX,
3:52:52 PM,70.22,39,2738.58,ASX,
3:52:52 PM,70.22,39,2738.58,ASX,
3:52:52 PM,70.225,6,421.35,ASX,NXXT
3:52:52 PM,70.23,5,351.15,ASX,
3:52:52 PM,70.23,2,140.46,ASX,
3:52:51 PM,70.21,68,4774.28,ASX,
3:52:51 PM,70.21,59,4142.39,ASX,
3:52:51 PM,70.21,1,70.21,ASX,
3:52:51 PM,70.21,1,70.21,ASX,
3:52:51 PM,70.21,50,3510.5,ASX,
3:52:51 PM,70.21,81,5687.01,ASX,
3:52:51 PM,70.22,49,3440.78,ASX,
3:52:51 PM,70.22,1,70.22,ASX,
3:52:51 PM,70.22,10,702.2,ASX,
3:52:51 PM,70.22,6,421.32,ASX,
3:52:51 PM,70.22,54,3791.88,ASX,
3:52:51 PM,70.23,48,3371.04,ASX,
3:52:51 PM,70.23,767,53866.41,ASX,
3:52:51 PM,70.23,133,9340.59,ASX,
3:52:50 PM,70.22,15,1053.3,ASX,
3:52:46 PM,70.22,1,70.22,ASX,
3:52:46 PM,70.24,84,5900.16,ASX,CXXT
3:52:45 PM,70.26,21,1475.46,ASX,
3:52:43 PM,70.22,234,16431.48,ASX,
3:52:43 PM,70.22,2,140.44,ASX,
3:52:43 PM,70.22,43,3019.46,ASX,
3:52:43 PM,70.23,1,70.23,ASX,
3:52:43 PM,70.23,200,14046,ASX,
3:52:43 PM,70.24,13,913.12,ASX,
3:52:43 PM,70.24,5,351.2,ASX,
3:52:43 PM,70.24,80,5619.2,ASX,
3:52:43 PM,70.24,38,2669.12,ASX,
3:52:43 PM,70.24,3,210.72,ASX,
3:52:43 PM,70.25,38,2669.5,ASX,
3:52:43 PM,70.25,46,3231.5,ASX,
3:52:43 PM,70.25,1,70.25,ASX,
3:52:43 PM,70.25,8,562,ASX,
3:52:43 PM,70.25,20,1405,ASX,
3:52:43 PM,70.25,46,3231.5,ASX,
3:52:43 PM,70.25,21,1475.25,ASX,
3:52:43 PM,70.25,13,913.25,ASX,
3:52:43 PM,70.25,27,1896.75,ASX,
3:52:43 PM,70.25,129,9062.25,ASX,
3:52:43 PM,70.24,5,351.2,CXA,
3:52:43 PM,70.25,1,70.25,CXA,
3:52:43 PM,70.25,24,1686,CXA,
3:52:43 PM,70.25,2,140.5,CXA,
3:52:43 PM,70.26,30,2107.8,ASX,CXXT
3:52:43 PM,70.26,89,6253.14,ASX,CXXT
3:52:41 PM,70.26,42,2950.92,ASX,CXXT
3:52:39 PM,70.25,4,281,ASX,
3:52:39 PM,70.25,42,2950.5,ASX,
3:52:39 PM,70.24,34,2388.16,ASX,
3:52:39 PM,70.24,14,983.36,CXA,
3:52:39 PM,70.24,48,3371.52,CXA,
3:52:39 PM,70.24,38,2669.12,ASX,
3:52:39 PM,70.23,134,9410.82,ASX,
3:52:39 PM,70.24,16,1123.84,ASX,
3:52:39 PM,70.24,251,17630.24,ASX,
3:52:39 PM,70.24,250,17560,ASX,
3:52:39 PM,70.23,46,3230.58,ASX,
3:52:39 PM,70.22,1,70.22,ASX,
3:52:38 PM,70.23,96,6742.08,ASX,
3:52:38 PM,70.23,2,140.46,ASX,
3:52:38 PM,70.23,4,280.92,ASX,
3:52:38 PM,70.23,50,3511.5,ASX,
3:52:38 PM,70.23,50,3511.5,ASX,
3:52:38 PM,70.23,1,70.23,ASX,
3:52:38 PM,70.23,267,18751.41,ASX,
3:52:38 PM,70.23,501,35185.23,ASX,
3:52:38 PM,70.22,2,140.44,ASX,
3:52:38 PM,70.22,7,491.54,ASX,
3:52:38 PM,70.22,4,280.88,ASX,
3:52:38 PM,70.22,43,3019.46,ASX,
3:52:38 PM,70.22,27,1895.94,ASX,
3:52:38 PM,70.22,10,702.2,ASX,
3:52:38 PM,70.22,28,1966.16,ASX,
3:52:38 PM,70.22,15,1053.3,CXA,
3:52:38 PM,70.22,3,210.66,CXA,
3:52:38 PM,70.22,23,1615.06,ASX,
3:52:35 PM,70.205,125,8775.625,ASX,CXXT
3:52:35 PM,70.205,1,70.205,ASX,CXXT
3:52:35 PM,70.205,74,5195.17,ASX,CXXT
3:52:33 PM,70.205,16,1123.28,ASX,CXXT
3:52:27 PM,70.235,199,13976.765,ASX,CXXT
3:52:27 PM,70.235,1,70.235,ASX,CXXT
3:52:27 PM,70.22,29,2036.38,ASX,
3:52:27 PM,70.22,1,70.22,ASX,
3:52:27 PM,70.22,1,70.22,ASX,
3:52:27 PM,70.22,24,1685.28,ASX,
3:52:27 PM,70.235,6,421.41,ASX,CXXT
3:52:27 PM,70.235,10,702.35,ASX,CXXT
3:52:26 PM,70.235,89,6250.915,ASX,CXXT
3:52:26 PM,70.23,39,2738.97,ASX,
3:52:26 PM,70.23,30,2106.9,ASX,
3:52:26 PM,70.23,1,70.23,ASX,
3:52:26 PM,70.23,4,280.92,ASX,
3:52:26 PM,70.23,36,2528.28,ASX,
3:52:26 PM,70.23,7,491.61,ASX,
3:52:26 PM,70.23,13,912.99,ASX,
3:52:26 PM,70.23,13,912.99,ASX,
3:52:26 PM,70.23,531,37292.13,ASX,
3:52:26 PM,70.23,2,140.46,CXA,
3:52:26 PM,70.23,1,70.23,CXA,
3:52:25 PM,70.24,3,210.72,ASX,NXXT
3:52:24 PM,70.24,1,70.24,ASX,
3:52:24 PM,70.24,59,4144.16,ASX,
3:52:24 PM,70.24,13,913.12,ASX,
3:52:24 PM,70.24,51,3582.24,ASX,
3:52:24 PM,70.24,5,351.2,ASX,
3:52:24 PM,70.24,2,140.48,CXA,
3:52:23 PM,70.235,3,210.705,ASX,NXXT
3:52:22 PM,70.235,2,140.47,ASX,NXXT
3:52:22 PM,70.23,40,2809.2,ASX,
3:52:22 PM,70.235,1,70.235,CXA,NX XT
3:52:21 PM,70.23,76,5337.48,ASX,
3:52:21 PM,70.23,3,210.69,CXA,
3:52:21 PM,70.23,1,70.23,CXA,
3:52:21 PM,70.23,2,140.46,CXA,
3:52:21 PM,70.23,1,70.23,CXA,
3:52:21 PM,70.235,148,10394.78,ASX,CXXT
3:52:21 PM,70.24,132,9271.68,ASX,
3:52:21 PM,70.24,81,5689.44,ASX,
3:52:21 PM,70.24,35,2458.4,ASX,
3:52:21 PM,70.24,2,140.48,ASX,
3:52:21 PM,70.24,15,1053.6,ASX,
3:52:21 PM,70.24,194,13626.56,ASX,XT
3:52:21 PM,70.24,58,4073.92,ASX,
3:52:21 PM,70.24,40,2809.6,ASX,
3:52:21 PM,70.24,57,4003.68,CXA,
3:52:21 PM,70.24,2,140.48,CXA,
3:52:19 PM,70.24,456,32029.44,ASX,
3:52:19 PM,70.24,54,3792.96,ASX,
3:52:19 PM,70.24,1,70.24,CXA,
3:52:19 PM,70.24,40,2809.6,CXA,
3:52:19 PM,70.24,49,3441.76,CXA,
3:52:19 PM,70.235,3,210.705,ASX,NXXT
3:52:18 PM,70.23,12,842.76,ASX,
3:52:18 PM,70.23,3,210.69,ASX,
3:52:18 PM,70.23,3,210.69,ASX,
3:52:18 PM,70.23,8,561.84,ASX,
3:52:18 PM,70.23,57,4003.11,ASX,
3:52:18 PM,70.23,122,8568.06,ASX,
3:52:18 PM,70.23,28,1966.44,ASX,
3:52:18 PM,70.23,13,912.99,ASX,
3:52:18 PM,70.23,1,70.23,ASX,
3:52:18 PM,70.23,3,210.69,ASX,
3:52:18 PM,70.23,19,1334.37,ASX,
3:52:18 PM,70.23,13,912.99,ASX,
3:52:18 PM,70.23,19,1334.37,ASX,
3:52:18 PM,70.23,42,2949.66,CXA,
3:52:18 PM,70.23,2,140.46,CXA,
3:52:18 PM,70.23,5,351.15,CXA,
3:52:18 PM,70.23,1,70.23,CXA,
3:52:18 PM,70.23,2,140.46,CXA,
3:52:17 PM,70.23,166,11658.18,ASX,
3:52:16 PM,70.225,2,140.45,ASX,NXXT
3:52:16 PM,70.225,8,561.8,CXA,NX XT
3:52:16 PM,70.23,2,140.46,CXA,
3:52:16 PM,70.23,1,70.23,CXA,
3:52:14 PM,70.22,61,4283.42,ASX,
3:52:14 PM,70.22,21,1474.62,ASX,
3:52:14 PM,70.22,1,70.22,ASX,
3:52:14 PM,70.22,1,70.22,ASX,
3:52:14 PM,70.22,18,1263.96,ASX,
3:52:14 PM,70.22,9,631.98,ASX,
3:52:14 PM,70.23,7,491.61,ASX,
3:52:14 PM,70.23,6,421.38,ASX,
3:52:14 PM,70.24,28,1966.72,ASX,CXXT
3:52:14 PM,70.24,13,913.12,ASX,CXXT
3:52:14 PM,70.24,13,913.12,ASX,CXXT
3:52:14 PM,70.24,13,913.12,ASX,CXXT
3:52:14 PM,70.24,6,421.44,ASX,CXXT
3:52:14 PM,70.24,6,421.44,ASX,CXXT
3:52:14 PM,70.24,6,421.44,ASX,CXXT
3:52:14 PM,70.24,6,421.44,ASX,CXXT
3:52:14 PM,70.24,6,421.44,ASX,CXXT
3:52:13 PM,70.24,82,5759.68,ASX,CXXT
3:52:13 PM,70.23,40,2809.2,ASX,
3:52:13 PM,70.23,11,772.53,ASX,
3:52:13 PM,70.23,16,1123.68,ASX,
3:52:13 PM,70.23,2,140.46,ASX,
3:52:13 PM,70.23,16,1123.68,ASX,
3:52:13 PM,70.23,33,2317.59,ASX,
3:52:13 PM,70.23,58,4073.34,ASX,
3:52:13 PM,70.27,14,983.78,ASX,
3:52:11 PM,70.23,15,1053.45,ASX,
3:52:09 PM,70.25,58,4074.5,ASX,CXXT
3:52:09 PM,70.25,69,4847.25,CXA,NX XT
3:52:06 PM,70.25,64,4496,ASX,CXXT
3:52:04 PM,70.255,19,1334.845,ASX,CXXT
3:52:01 PM,70.25,1,70.25,ASX,
3:52:01 PM,70.25,9,632.25,ASX,
3:52:01 PM,70.24,1,70.24,ASX,
3:52:01 PM,70.24,4,280.96,ASX,
3:52:01 PM,70.24,41,2879.84,ASX,
3:52:01 PM,70.24,1,70.24,ASX,
3:52:01 PM,70.25,1,70.25,ASX,
3:52:01 PM,70.25,1,70.25,ASX,
3:52:01 PM,70.25,45,3161.25,ASX,
3:52:01 PM,70.25,2,140.5,ASX,
3:52:01 PM,70.25,3,210.75,ASX,
3:51:59 PM,70.29,100,7029,ASX,
3:51:55 PM,70.25,1,70.25,ASX,
3:51:55 PM,70.29,35,2460.15,CXA,
3:51:55 PM,70.29,7,492.03,ASX,
3:51:55 PM,70.275,16,1124.4,ASX,NXXT
3:51:55 PM,70.275,3,210.825,ASX,NXXT
3:51:55 PM,70.26,1,70.26,ASX,
3:51:55 PM,70.26,38,2669.88,ASX,
3:51:55 PM,70.26,5,351.3,ASX,
3:51:55 PM,70.26,9,632.34,ASX,
3:51:55 PM,70.26,1,70.26,ASX,
3:51:55 PM,70.26,134,9414.84,ASX,
3:51:55 PM,70.26,11,772.86,ASX,
3:51:55 PM,70.26,14,983.64,ASX,
3:51:55 PM,70.27,38,2670.26,ASX,
3:51:55 PM,70.27,12,843.24,ASX,
3:51:55 PM,70.27,2,140.54,ASX,
3:51:55 PM,70.27,29,2037.83,ASX,
3:51:55 PM,70.27,1,70.27,ASX,
3:51:55 PM,70.27,2,140.54,ASX,
3:51:55 PM,70.27,3,210.81,ASX,XT
3:51:55 PM,70.27,81,5691.87,ASX,
3:51:55 PM,70.27,60,4216.2,ASX,
3:51:55 PM,70.28,18,1265.04,ASX,
3:51:55 PM,70.28,42,2951.76,ASX,
3:51:55 PM,70.28,34,2389.52,ASX,
3:51:55 PM,70.28,3,210.84,ASX,
3:51:55 PM,70.28,19,1335.32,ASX,
3:51:55 PM,70.28,30,2108.4,ASX,XT
3:51:55 PM,70.28,72,5060.16,ASX,
3:51:55 PM,70.28,38,2670.64,ASX,
3:51:55 PM,70.28,50,3514,ASX,
3:51:55 PM,70.29,23,1616.67,ASX,CXXT
3:51:55 PM,70.29,74,5201.46,ASX,CXXT
3:51:55 PM,70.27,5,351.35,CXA,
3:51:55 PM,70.28,20,1405.6,CXA,
3:51:55 PM,70.28,12,843.36,CXA,
3:51:55 PM,70.28,4,281.12,CXA,
3:51:53 PM,70.28,45,3162.6,ASX,
3:51:53 PM,70.285,144,10121.04,ASX,CXXT
3:51:52 PM,70.3,335,23550.5,ASX,
3:51:52 PM,70.3,1,70.3,CXA,
3:51:52 PM,70.3,2,140.6,CXA,
3:51:52 PM,70.3,14,984.2,CXA,
3:51:52 PM,70.3,69,4850.7,CXA,
3:51:52 PM,70.29,99,6958.71,CXA,CX
3:51:51 PM,70.3,14,984.2,CXA,
3:51:50 PM,70.3,56,3936.8,ASX,
3:51:50 PM,70.3,5,351.5,ASX,
3:51:50 PM,70.3,7,492.1,ASX,
3:51:50 PM,70.29,99,6958.71,CXA,CX
3:51:50 PM,70.3,144,10123.2,ASX,
3:51:50 PM,70.3,20,1406,ASX,
3:51:50 PM,70.29,2,140.58,CXA,
3:51:50 PM,70.29,2,140.58,CXA,
3:51:49 PM,70.29,6,421.74,ASX,
3:51:49 PM,70.29,5,351.45,ASX,
3:51:49 PM,70.29,20,1405.8,ASX,
3:51:49 PM,70.29,10,702.9,ASX,
3:51:49 PM,70.29,1,70.29,ASX,
3:51:48 PM,70.29,42,2952.18,ASX,
3:51:48 PM,70.28,38,2670.64,ASX,
3:51:48 PM,70.28,6,421.68,ASX,
3:51:48 PM,70.28,6,421.68,ASX,
3:51:48 PM,70.28,21,1475.88,ASX,
3:51:48 PM,70.28,34,2389.52,ASX,
3:51:48 PM,70.28,19,1335.32,ASX,
3:51:48 PM,70.27,32,2248.64,ASX,
3:51:48 PM,70.27,13,913.51,CXA,
3:51:48 PM,70.26,57,4004.82,ASX,
3:51:48 PM,70.27,4,281.08,ASX,
3:51:48 PM,70.27,6,421.62,ASX,
3:51:48 PM,70.27,1,70.27,ASX,
3:51:48 PM,70.26,2,140.52,ASX,
3:51:48 PM,70.26,486,34146.36,ASX,
3:51:48 PM,70.26,49,3442.74,ASX,
3:51:48 PM,70.26,1,70.26,ASX,
3:51:48 PM,70.26,14,983.64,ASX,
3:51:46 PM,70.26,20,1405.2,ASX,
3:51:44 PM,70.25,1,70.25,ASX,
3:51:44 PM,70.25,79,5549.75,ASX,
3:51:44 PM,70.25,168,11802,ASX,
3:51:44 PM,70.24,1,70.24,ASX,
3:51:44 PM,70.24,44,3090.56,ASX,
3:51:44 PM,70.24,2,140.48,ASX,
3:51:44 PM,70.24,47,3301.28,ASX,
3:51:44 PM,70.24,3,210.72,ASX,
3:51:44 PM,70.24,4,280.96,ASX,
3:51:44 PM,70.24,40,2809.6,ASX,
3:51:44 PM,70.24,175,12292,ASX,
3:51:44 PM,70.24,18,1264.32,CXA,
3:51:44 PM,70.24,9,632.16,ASX,
3:51:44 PM,70.23,315,22122.45,ASX,CXXT
3:51:44 PM,70.24,1,70.24,ASX,
3:51:44 PM,70.24,10,702.4,ASX,
3:51:44 PM,70.24,1,70.24,ASX,
3:51:44 PM,70.24,2,140.48,ASX,
3:51:43 PM,70.23,4,280.92,ASX,
3:51:43 PM,70.23,40,2809.2,ASX,
3:51:43 PM,70.23,42,2949.66,ASX,
3:51:43 PM,70.23,39,2738.97,ASX,
3:51:43 PM,70.23,10,702.3,ASX,XT
3:51:40 PM,70.21,19,1333.99,ASX,
3:51:40 PM,70.22,53,3721.66,ASX,
3:51:40 PM,70.22,1,70.22,ASX,
3:51:40 PM,70.21,64,4493.44,ASX,
3:51:40 PM,70.21,42,2948.82,ASX,
3:51:39 PM,70.2,103,7230.6,ASX,
3:51:39 PM,70.2,22,1544.4,ASX,
3:51:39 PM,70.2,5,351,ASX,
3:51:39 PM,70.2,24,1684.8,ASX,
3:51:39 PM,70.2,28,1965.6,ASX,
3:51:39 PM,70.2,52,3650.4,ASX,
3:51:39 PM,70.2,17,1193.4,ASX,
3:51:39 PM,70.2,46,3229.2,ASX,
3:51:39 PM,70.2,2,140.4,CXA,
3:51:39 PM,70.2,1,70.2,CXA,
3:51:39 PM,70.2,23,1614.6,CXA,
3:51:39 PM,70.2,6,421.2,CXA,
3:51:38 PM,70.195,5,350.975,ASX,NXXT
3:51:38 PM,70.2,5,351,ASX,
3:51:38 PM,70.2,51,3580.2,ASX,
3:51:38 PM,70.19,1,70.19,ASX,
3:51:38 PM,70.2,25,1755,ASX,
3:51:38 PM,70.2,148,10389.6,ASX,CXXT
3:51:38 PM,70.2,74,5194.8,CXA,
3:51:36 PM,70.2,3,210.6,ASX,NXXT
3:51:35 PM,70.195,32,2246.24,ASX,CXXT
3:51:34 PM,70.18,17,1193.06,ASX,
3:51:34 PM,70.2,26,1825.2,ASX,
3:51:34 PM,70.2,1,70.2,ASX,
3:51:34 PM,70.2,48,3369.6,ASX,
3:51:34 PM,70.2,25,1755,ASX,
3:51:34 PM,70.19,15,1052.85,CXA,
3:51:34 PM,70.21,39,2738.19,ASX,
3:51:34 PM,70.21,13,912.73,ASX,
3:51:34 PM,70.21,19,1333.99,ASX,
3:51:34 PM,70.21,1,70.21,ASX,
3:51:34 PM,70.21,14,982.94,ASX,
3:51:34 PM,70.21,1,70.21,ASX,
3:51:34 PM,70.21,1,70.21,ASX,
3:51:34 PM,70.21,4,280.84,ASX,
3:51:34 PM,70.21,48,3370.08,ASX,
3:51:34 PM,70.21,132,9267.72,ASX,
3:51:34 PM,70.21,15,1053.15,CXA,
3:51:34 PM,70.21,1,70.21,CXA,
3:51:34 PM,70.21,2,140.42,CXA,
3:51:34 PM,70.21,2,140.42,CXA,
3:51:34 PM,70.21,1,70.21,CXA,
3:51:34 PM,70.225,165,11587.125,ASX,CXXT
3:51:32 PM,70.225,3,210.675,ASX,NXXT
3:51:26 PM,70.24,7,491.68,ASX,
3:51:26 PM,70.225,19,1334.275,ASX,NXXT
3:51:26 PM,70.225,4,280.9,ASX,NXXT
3:51:23 PM,70.22,52,3651.44,ASX,
3:51:23 PM,70.22,9,631.98,ASX,
3:51:23 PM,70.22,51,3581.22,ASX,
3:51:23 PM,70.22,1,70.22,ASX,
3:51:23 PM,70.22,1,70.22,ASX,
3:51:23 PM,70.22,38,2668.36,ASX,
3:51:23 PM,70.22,6,421.32,ASX,
3:51:23 PM,70.22,99,6951.78,ASX,
3:51:23 PM,70.22,3,210.66,CXA,
3:51:23 PM,70.22,15,1053.3,CXA,
3:51:22 PM,70.23,3,210.69,ASX,NXXT
3:51:21 PM,70.22,1,70.22,ASX,
3:51:21 PM,70.23,32,2247.36,ASX,
3:51:21 PM,70.23,49,3441.27,ASX,
3:51:21 PM,70.23,44,3090.12,ASX,
3:51:21 PM,70.23,2,140.46,ASX,
3:51:21 PM,70.23,96,6742.08,ASX,
3:51:21 PM,70.23,25,1755.75,ASX,
3:51:21 PM,70.23,14,983.22,ASX,
3:51:21 PM,70.23,40,2809.2,ASX,
3:51:21 PM,70.23,23,1615.29,ASX,
3:51:21 PM,70.23,2,140.46,ASX,
3:51:21 PM,70.22,25,1755.5,CXA,
3:51:21 PM,70.23,10,702.3,CXA,
3:51:21 PM,70.23,1,70.23,CXA,
3:51:21 PM,70.23,49,3441.27,CXA,
3:51:21 PM,70.23,25,1755.75,CXA,
3:51:21 PM,70.24,62,4354.88,ASX,CXXT
3:51:20 PM,70.24,4,280.96,ASX,NXXT
3:51:19 PM,70.24,3,210.72,ASX,NXXT
3:51:16 PM,70.24,27,1896.48,ASX,CXXT
3:51:16 PM,70.23,80,5618.4,ASX,
3:51:16 PM,70.23,42,2949.66,ASX,
3:51:16 PM,70.23,25,1755.75,ASX,
3:51:16 PM,70.23,3,210.69,ASX,
3:51:15 PM,70.24,51,3582.24,ASX,CXXT
3:51:15 PM,70.24,4,280.96,ASX,NXXT
3:51:14 PM,70.24,19,1334.56,ASX,CXXT
3:51:13 PM,70.23,3,210.69,ASX,
3:51:13 PM,70.23,4,280.92,ASX,
3:51:13 PM,70.23,24,1685.52,ASX,
3:51:13 PM,70.23,45,3160.35,ASX,
3:51:13 PM,70.23,82,5758.86,ASX,
3:51:13 PM,70.23,20,1404.6,ASX,
3:51:13 PM,70.23,29,2036.67,ASX,
3:51:13 PM,70.23,13,912.99,ASX,
3:51:13 PM,70.23,50,3511.5,ASX,
3:51:13 PM,70.23,25,1755.75,CXA,
3:51:13 PM,70.23,3,210.69,CXA,
3:51:13 PM,70.23,3,210.69,CXA,
3:51:13 PM,70.23,4,280.92,CXA,
3:51:13 PM,70.23,1,70.23,CXA,
3:51:13 PM,70.23,6,421.38,CXA,
3:51:13 PM,70.25,65,4566.25,ASX,
3:51:13 PM,70.24,2,140.48,ASX,
3:51:13 PM,70.24,2,140.48,ASX,
3:51:13 PM,70.24,1,70.24,CXA,
3:51:12 PM,70.24,1,70.24,ASX,
3:51:12 PM,70.24,1,70.24,ASX,
3:51:12 PM,70.24,14,983.36,ASX,
3:51:12 PM,70.24,7,491.68,CXA,
3:51:11 PM,70.24,1,70.24,CXA,
3:51:11 PM,70.24,28,1966.72,ASX,
3:51:11 PM,70.24,1,70.24,ASX,
3:51:11 PM,70.24,1,70.24,ASX,
3:51:11 PM,70.24,36,2528.64,ASX,
3:51:10 PM,70.24,20,1404.8,ASX,
3:51:10 PM,70.24,19,1334.56,ASX,
3:51:10 PM,70.24,51,3582.24,ASX,
3:51:10 PM,70.24,2,140.48,CXA,
3:51:09 PM,70.24,428,30062.72,ASX,
3:51:09 PM,70.23,46,3230.58,ASX,
3:51:09 PM,70.23,27,1896.21,ASX,
3:51:09 PM,70.23,85,5969.55,ASX,
3:51:09 PM,70.23,36,2528.28,ASX,
3:51:09 PM,70.23,50,3511.5,ASX,
3:51:09 PM,70.23,37,2598.51,CXA,
3:51:09 PM,70.23,32,2247.36,CXA,
3:51:09 PM,70.23,9,632.07,CXA,
3:51:09 PM,70.23,106,7444.38,ASX,
3:51:08 PM,70.22,26,1825.72,ASX,
3:51:08 PM,70.22,53,3721.66,ASX,
3:51:08 PM,70.23,6,421.38,CXA,
3:51:08 PM,70.23,94,6601.62,CXA,
3:51:07 PM,70.21,36,2527.56,ASX,
3:51:07 PM,70.195,102,7159.89,ASX,CXXT
3:51:07 PM,70.2,39,2737.8,ASX,
3:51:07 PM,70.21,7,491.47,ASX,
3:51:07 PM,70.21,1,70.21,ASX,
3:51:07 PM,70.21,4,280.84,ASX,
3:51:07 PM,70.21,36,2527.56,ASX,
3:51:07 PM,70.2,13,912.6,ASX,XT
3:51:07 PM,70.2,16,1123.2,ASX,
3:51:07 PM,70.2,13,912.6,ASX,XT
3:51:07 PM,70.2,44,3088.8,ASX,
3:51:07 PM,70.2,4,280.8,ASX,XT
3:51:07 PM,70.2,210,14742,ASX,
3:51:07 PM,70.2,10,702,ASX,
3:51:07 PM,70.2,546,38329.2,ASX,
3:51:07 PM,70.2,1,70.2,CXA,
3:51:07 PM,70.2,38,2667.6,CXA,
3:51:07 PM,70.2,4,280.8,CXA,
3:51:06 PM,70.19,17,1193.23,ASX,
3:51:06 PM,70.19,3,210.57,ASX,
3:51:06 PM,70.19,10,701.9,ASX,
3:51:06 PM,70.195,77,5405.015,ASX,CXXT
3:51:06 PM,70.195,4,280.78,ASX,NXXT
3:51:04 PM,70.2,32,2246.4,ASX,
3:51:04 PM,70.2,1,70.2,CXA,
3:51:04 PM,70.2,2,140.4,CXA,
3:51:04 PM,70.2,6,421.2,CXA,
3:51:04 PM,70.195,107,7510.865,ASX,CXXT
3:50:59 PM,70.2,90,6318,CXA,
3:50:59 PM,70.2,8,561.6,CXA,
3:50:57 PM,70.2,11,772.2,CXA,
3:50:57 PM,70.195,40,2807.8,ASX,NXXT
3:50:57 PM,70.195,1,70.195,ASX,CXXT
3:50:57 PM,70.195,1,70.195,ASX,CXXT
3:50:57 PM,70.2,759,53281.8,ASX,
3:50:56 PM,70.19,15,1052.85,ASX,
3:50:56 PM,70.19,28,1965.32,ASX,
3:50:56 PM,70.19,11,772.09,ASX,
3:50:56 PM,70.19,78,5474.82,ASX,
3:50:56 PM,70.2,1607,112811.4,ASX,
3:50:56 PM,70.2,22,1544.4,ASX,
3:50:56 PM,70.2,93,6528.6,ASX,
3:50:56 PM,70.2,56,3931.2,CXA,
3:50:56 PM,70.2,1,70.2,CXA,
3:50:56 PM,70.2,1,70.2,CXA,
3:50:56 PM,70.2,94,6598.8,CXA,
3:50:56 PM,70.2,34,2386.8,ASX,
3:50:55 PM,70.2,4,280.8,ASX,
3:50:55 PM,70.19,25,1754.75,ASX,
3:50:55 PM,70.19,22,1544.18,ASX,
3:50:55 PM,70.19,19,1333.61,CXA,
3:50:54 PM,70.185,8,561.48,CXA,NX XT
3:50:54 PM,70.2,67,4703.4,ASX,
3:50:54 PM,70.2,536,37627.2,ASX,
3:50:54 PM,70.19,4,280.76,ASX,
3:50:54 PM,70.19,156,10949.64,ASX,
3:50:54 PM,70.19,1,70.19,ASX,
3:50:54 PM,70.19,1,70.19,ASX,
3:50:54 PM,70.19,2,140.38,ASX,
3:50:54 PM,70.19,32,2246.08,ASX,
3:50:54 PM,70.19,39,2737.41,ASX,
3:50:54 PM,70.19,94,6597.86,CXA,
3:50:54 PM,70.19,4,280.76,CXA,
3:50:54 PM,70.185,4,280.74,ASX,NXXT
3:50:52 PM,70.19,12,842.28,CXA,
3:50:52 PM,70.17,31,2175.27,CXA,CX
3:50:51 PM,70.13,87,6101.31,ASX,
3:50:51 PM,70.13,25,1753.25,ASX,
3:50:51 PM,70.14,10,701.4,ASX,
3:50:51 PM,70.2,4,280.8,ASX,CXXT
3:50:51 PM,70.14,12,841.68,CXA,
3:50:51 PM,70.14,13,911.82,CXA,
3:50:51 PM,70.14,15,1052.1,ASX,
3:50:51 PM,70.14,22,1543.08,ASX,
3:50:51 PM,70.15,536,37600.4,ASX,
3:50:51 PM,70.15,21,1473.15,ASX,
3:50:51 PM,70.15,30,2104.5,ASX,
3:50:51 PM,70.17,275,19296.75,ASX,
3:50:51 PM,70.17,536,37611.12,ASX,
3:50:51 PM,70.17,2,140.34,ASX,
3:50:51 PM,70.18,99,6947.82,ASX,
3:50:51 PM,70.18,273,19159.14,ASX,
3:50:51 PM,70.19,40,2807.6,ASX,
3:50:51 PM,70.19,605,42464.95,ASX,
3:50:51 PM,70.19,99,6948.81,ASX,
3:50:51 PM,70.2,1,70.2,ASX,
3:50:51 PM,70.2,1,70.2,ASX,
3:50:51 PM,70.2,15,1053,CXA,
3:50:50 PM,70.22,6,421.32,ASX,NXXT
3:50:50 PM,70.21,67,4704.07,ASX,
3:50:50 PM,70.22,2,140.44,ASX,
3:50:50 PM,70.22,2,140.44,ASX,
3:50:50 PM,70.22,1,70.22,ASX,
3:50:50 PM,70.22,1,70.22,ASX,
3:50:50 PM,70.22,2,140.44,ASX,
3:50:50 PM,70.24,161,11308.64,ASX,CXXT
3:50:50 PM,70.17,232,16279.44,CXA,
3:50:50 PM,70.18,15,1052.7,CXA,
3:50:50 PM,70.18,232,16281.76,CXA,
3:50:50 PM,70.19,15,1052.85,CXA,
3:50:50 PM,70.19,25,1754.75,CXA,
3:50:49 PM,70.25,1,70.25,ASX,CXXT
3:50:48 PM,70.25,1,70.25,ASX,CXXT
3:50:48 PM,70.25,1,70.25,ASX,CXXT
3:50:47 PM,70.25,1,70.25,ASX,CXXT
3:50:47 PM,70.25,1,70.25,ASX,CXXT
3:50:47 PM,70.225,4,280.9,ASX,NXXT
3:50:47 PM,70.2,82,5756.4,ASX,
3:50:47 PM,70.2,24,1684.8,ASX,
3:50:47 PM,70.21,605,42477.05,ASX,
3:50:47 PM,70.21,4,280.84,ASX,
3:50:47 PM,70.21,1,70.21,ASX,
3:50:47 PM,70.21,1,70.21,ASX,
3:50:47 PM,70.21,25,1755.25,ASX,
3:50:47 PM,70.21,132,9267.72,ASX,
3:50:47 PM,70.21,28,1965.88,ASX,
3:50:47 PM,70.21,15,1053.15,CXA,
3:50:47 PM,70.22,15,1053.3,CXA,
3:50:47 PM,70.22,25,1755.5,CXA,
3:50:47 PM,70.22,70,4915.4,CXA,
3:50:47 PM,70.26,3,210.78,ASX,
3:50:47 PM,70.22,25,1755.5,ASX,
3:50:47 PM,70.22,5,351.1,ASX,
3:50:47 PM,70.22,106,7443.32,ASX,
3:50:47 PM,70.22,37,2598.14,ASX,
3:50:47 PM,70.22,25,1755.5,ASX,
3:50:47 PM,70.22,196,13763.12,ASX,
3:50:47 PM,70.22,4,280.88,ASX,
3:50:47 PM,70.22,60,4213.2,ASX,
3:50:47 PM,70.23,69,4845.87,ASX,
3:50:47 PM,70.23,41,2879.43,ASX,
3:50:47 PM,70.23,18,1264.14,ASX,
3:50:47 PM,70.23,56,3932.88,CXA,
3:50:47 PM,70.24,11,772.64,CXA,
3:50:47 PM,70.24,7,491.68,ASX,
3:50:47 PM,70.24,10,702.4,ASX,
3:50:47 PM,70.24,22,1545.28,ASX,
3:50:47 PM,70.24,134,9412.16,ASX,
3:50:47 PM,70.24,36,2528.64,ASX,
3:50:47 PM,70.25,30,2107.5,ASX,
3:50:47 PM,70.25,138,9694.5,ASX,
3:50:47 PM,70.25,87,6111.75,ASX,
3:50:46 PM,70.27,5,351.35,ASX,
3:50:46 PM,70.27,44,3091.88,ASX,
3:50:46 PM,70.27,48,3372.96,ASX,
3:50:46 PM,70.26,52,3653.52,CXA,
3:50:46 PM,70.24,1,70.24,ASX,
3:50:46 PM,70.26,135,9485.1,ASX,
3:50:46 PM,70.25,1,70.25,ASX,
3:50:46 PM,70.25,78,5479.5,CXA,NX XT
3:50:46 PM,70.25,4804,337481,CXA,NX XT
3:50:45 PM,70.25,5,351.25,ASX,
3:50:45 PM,70.25,29,2037.25,ASX,
3:50:45 PM,70.25,111,7797.75,ASX,
3:50:45 PM,70.24,5,351.2,ASX,XT
3:50:45 PM,70.24,45,3160.8,ASX,
3:50:45 PM,70.24,41,2879.84,ASX,
3:50:45 PM,70.24,5,351.2,ASX,
3:50:45 PM,70.24,42,2950.08,ASX,
3:50:45 PM,70.24,17,1194.08,ASX,
3:50:45 PM,70.24,125,8780,ASX,
3:50:45 PM,70.24,150,10536,ASX,
3:50:45 PM,70.23,1,70.23,ASX,
3:50:45 PM,70.245,75,5268.375,CXA,NX XT
3:50:45 PM,70.24,1,70.24,CXA,
3:50:45 PM,70.24,94,6602.56,CXA,
3:50:45 PM,70.24,14,983.36,ASX,
3:50:45 PM,70.24,58,4073.92,ASX,
3:50:45 PM,70.23,1,70.23,ASX,
3:50:45 PM,70.23,2,140.46,ASX,
3:50:45 PM,70.23,54,3792.42,ASX,
3:50:45 PM,70.23,38,2668.74,ASX,
3:50:45 PM,70.23,24,1685.52,ASX,
3:50:45 PM,70.23,142,9972.66,ASX,
3:50:45 PM,70.23,16,1123.68,ASX,
3:50:45 PM,70.23,27,1896.21,ASX,
3:50:45 PM,70.23,2,140.46,ASX,
3:50:45 PM,70.23,29,2036.67,ASX,
3:50:45 PM,70.23,133,9340.59,CXA,
3:50:45 PM,70.23,1,70.23,CXA,
3:50:44 PM,70.23,1,70.23,CXA,
3:50:44 PM,70.23,1,70.23,ASX,
3:50:44 PM,70.23,30,2106.9,ASX,
3:50:44 PM,70.23,28,1966.44,ASX,
3:50:44 PM,70.22,82,5758.04,ASX,
3:50:44 PM,70.22,26,1825.72,ASX,
3:50:44 PM,70.22,19,1334.18,ASX,
3:50:44 PM,70.22,273,19170.06,ASX,
3:50:43 PM,70.225,6,421.35,ASX,NXXT
3:50:43 PM,70.225,1,70.225,ASX,NXXT
3:50:42 PM,70.23,32,2247.36,ASX,
3:50:42 PM,70.23,7,491.61,ASX,
3:50:42 PM,70.23,68,4775.64,ASX,
3:50:42 PM,70.23,20,1404.6,CXA,
3:50:42 PM,70.23,20,1404.6,CXA,
3:50:42 PM,70.23,8,561.84,CXA,
3:50:41 PM,70.23,1,70.23,CXA,
3:50:41 PM,70.22,34,2387.48,ASX,XT
3:50:40 PM,70.23,1,70.23,ASX,
3:50:39 PM,70.225,10,702.25,ASX,NXXT
3:50:39 PM,70.225,3,210.675,ASX,NXXT
3:50:39 PM,70.22,16,1123.52,ASX,
3:50:39 PM,70.22,47,3300.34,ASX,
3:50:38 PM,70.23,58,4073.34,ASX,
3:50:38 PM,70.23,166,11658.18,ASX,
3:50:38 PM,70.23,82,5758.86,ASX,
3:50:38 PM,70.23,2,140.46,ASX,
3:50:38 PM,70.23,38,2668.74,CXA,
3:50:38 PM,70.23,2,140.46,CXA,
3:50:38 PM,70.23,7,491.61,ASX,
3:50:38 PM,70.23,24,1685.52,ASX,
3:50:38 PM,70.23,16,1123.68,ASX,
3:50:38 PM,70.23,4,280.92,ASX,
3:50:38 PM,70.23,54,3792.42,ASX,
3:50:38 PM,70.23,1,70.23,CXA,
3:50:37 PM,70.23,54,3792.42,ASX,
3:50:37 PM,70.23,83,5829.09,ASX,XT
3:50:37 PM,70.23,8,561.84,ASX,
3:50:37 PM,70.23,15,1053.45,ASX,
3:50:37 PM,70.23,20,1404.6,ASX,
3:50:37 PM,70.23,10,702.3,ASX,
3:50:37 PM,70.23,17,1193.91,ASX,
3:50:35 PM,70.215,113,7934.295,ASX,CXXT
3:50:35 PM,70.215,31,2176.665,ASX,CXXT
3:50:35 PM,70.23,360,25282.8,ASX,
3:50:35 PM,70.23,1,70.23,ASX,
3:50:35 PM,70.23,74,5197.02,ASX,
3:50:35 PM,70.23,3,210.69,ASX,
3:50:35 PM,70.23,57,4003.11,ASX,
3:50:35 PM,70.23,10,702.3,ASX,
3:50:35 PM,70.23,195,13694.85,ASX,
3:50:32 PM,70.22,3,210.66,ASX,
3:50:32 PM,70.22,6,421.32,ASX,
3:50:32 PM,70.22,37,2598.14,ASX,
3:50:32 PM,70.22,13,912.86,ASX,
3:50:32 PM,70.22,4,280.88,ASX,
3:50:32 PM,70.22,35,2457.7,ASX,
3:50:32 PM,70.22,19,1334.18,ASX,
3:50:32 PM,70.22,84,5898.48,ASX,
3:50:32 PM,70.22,1,70.22,CXA,
3:50:32 PM,70.22,2,140.44,CXA,
3:50:32 PM,70.22,2,140.44,CXA,
3:50:32 PM,70.22,41,2879.02,CXA,
3:50:31 PM,70.22,52,3651.44,ASX,
3:50:31 PM,70.21,2,140.42,ASX,CXXT
3:50:28 PM,70.21,1,70.21,ASX,CXXT
3:50:26 PM,70.2,14,982.8,ASX,
3:50:25 PM,70.21,7,491.47,ASX,NXXT
3:50:24 PM,70.2,19,1333.8,ASX,
3:50:24 PM,70.2,1,70.2,ASX,
3:50:24 PM,70.2,63,4422.6,ASX,
3:50:24 PM,70.2,1,70.2,ASX,
3:50:24 PM,70.2,13,912.6,CXA,
3:50:24 PM,70.2,3,210.6,CXA,
3:50:21 PM,70.21,2,140.42,ASX,
3:50:21 PM,70.21,22,1544.62,ASX,
3:50:21 PM,70.21,28,1965.88,ASX,
3:50:21 PM,70.21,20,1404.2,ASX,
3:50:21 PM,70.22,4,280.88,ASX,CXXT
3:50:21 PM,70.22,2,140.44,ASX,CXXT
3:50:20 PM,70.22,3,210.66,ASX,NXXT
3:50:19 PM,70.21,11,772.31,ASX,
3:50:19 PM,70.21,32,2246.72,ASX,
3:50:19 PM,70.21,45,3159.45,ASX,
3:50:19 PM,70.21,8,561.68,ASX,
3:50:19 PM,70.21,36,2527.56,ASX,
3:50:19 PM,70.21,3,210.63,CXA,
3:50:19 PM,70.21,21,1474.41,CXA,
3:50:19 PM,70.22,32,2247.04,CXA,CX
3:50:17 PM,70.24,637,44742.88,ASX,
3:50:17 PM,70.24,561,39404.64,CXA,
3:50:17 PM,70.23,200,14046,ASX,
3:50:17 PM,70.21,8,561.68,ASX,
3:50:17 PM,70.22,42,2949.24,ASX,
3:50:17 PM,70.22,6,421.32,ASX,
3:50:17 PM,70.22,19,1334.18,ASX,
3:50:16 PM,70.24,10,702.4,ASX,
3:50:16 PM,70.24,55,3863.2,ASX,
3:50:16 PM,70.24,24,1685.76,ASX,
3:50:16 PM,70.24,97,6813.28,ASX,
3:50:16 PM,70.24,32,2247.68,CXA,CX
3:50:16 PM,70.27,139,9767.53,ASX,
3:50:16 PM,70.27,1,70.27,ASX,
3:50:16 PM,70.27,112,7870.24,ASX,
3:50:16 PM,70.22,6,421.32,ASX,
