Time,Price $,Volume,Value $,Market,Condition
3:59:50 PM,86.44,29,2506.76,ASX,
3:59:46 PM,86.25,36,3105,ASX,
3:59:44 PM,86.44,84,7260.96,ASX,
3:59:44 PM,86.45,36,3112.2,CXA,
3:59:42 PM,86.44,6,518.64,ASX,
3:59:40 PM,86.36,40,3454.4,ASX,
3:59:14 PM,86.26,6,517.56,ASX,
3:59:14 PM,86.26,90,7763.4,ASX,
3:59:05 PM,86.3,347,29946.1,ASX,
3:58:58 PM,86.32,53,4574.96,ASX,
3:58:57 PM,86.32,47,4057.04,ASX,
3:58:05 PM,86.3,190,16397,ASX,
3:58:04 PM,86.3,13,1121.9,ASX,
3:58:04 PM,86.3,28,2416.4,ASX,
3:57:44 PM,86.35,5,431.75,ASX,
3:57:44 PM,86.35,85,7339.75,ASX,
3:56:28 PM,86.43,34,2938.62,ASX,
3:56:14 PM,86.36,4,345.44,ASX,
3:54:51 PM,86.38,34,2936.92,ASX,
3:54:29 PM,86.38,13,1122.94,ASX,
3:52:59 PM,86.43,110,9507.3,ASX,
3:52:59 PM,86.43,90,7778.7,ASX,
3:52:04 PM,86.4,11,950.4,ASX,
3:51:21 PM,86.45,90,7780.5,ASX,
3:50:28 PM,86.45,19,1642.55,ASX,
3:49:14 PM,86.47,75,6485.25,ASX,
3:49:14 PM,86.47,136,11759.92,ASX,
3:49:01 PM,86.48,7,605.36,ASX,
3:49:01 PM,86.48,170,14701.6,ASX,
3:49:01 PM,86.48,35,3026.8,ASX,
3:48:28 PM,86.5,15,1297.5,ASX,
3:46:28 PM,86.54,8,692.32,ASX,
3:46:26 PM,86.61,73,6322.53,ASX,
3:44:17 PM,86.51,108,9343.08,ASX,
3:44:17 PM,86.51,90,7785.9,ASX,
3:44:11 PM,86.58,102,8831.16,CXA,
3:43:52 PM,86.51,78,6747.78,ASX,
3:42:25 PM,86.54,7,605.78,ASX,
3:41:53 PM,86.51,72,6228.72,ASX,
3:41:39 PM,86.51,18,1557.18,ASX,
3:39:39 PM,86.5,43,3719.5,ASX,
3:39:39 PM,86.51,256,22146.56,ASX,
3:39:39 PM,86.52,256,22149.12,ASX,
3:37:48 PM,86.49,199,17211.51,ASX,
3:37:41 PM,86.52,57,4931.64,ASX,
3:36:09 PM,86.55,10,865.5,ASX,
3:36:09 PM,86.55,90,7789.5,ASX,
3:35:37 PM,86.61,116,10046.76,CXA,
3:32:48 PM,86.44,37,3198.28,CXA,
3:32:06 PM,86.35,44,3799.4,ASX,
3:32:06 PM,86.35,135,11657.25,ASX,
3:32:06 PM,86.35,128,11052.8,ASX,
3:32:06 PM,86.35,45,3885.75,ASX,
3:29:27 PM,86.35,274,23659.9,ASX,
3:29:26 PM,86.37,3,259.11,ASX,
3:29:26 PM,86.37,2,172.74,ASX,
3:29:25 PM,86.37,80,6909.6,ASX,
3:29:25 PM,86.37,66,5700.42,ASX,
3:29:24 PM,86.37,13,1122.81,ASX,
3:29:24 PM,86.37,138,11919.06,ASX,
3:29:10 PM,86.36,56,4836.16,ASX,
3:29:10 PM,86.36,218,18826.48,ASX,
3:28:12 PM,86.29,25,2157.25,ASX,
3:28:12 PM,86.29,90,7766.1,ASX,
3:28:08 PM,86.32,90,7768.8,ASX,
3:27:08 PM,86.34,75,6475.5,ASX,
3:26:55 PM,86.31,869,75003.39,CXA,
3:26:19 PM,86.31,116,10011.96,CXA,
3:26:02 PM,86.3,272,23473.6,CXA,
3:25:20 PM,86.26,27,2329.02,ASX,
3:25:20 PM,86.26,231,19926.06,ASX,
3:25:20 PM,86.26,90,7763.4,ASX,
3:25:18 PM,86.29,135,11649.15,ASX,
3:24:15 PM,86.3,60,5178,CXA,
3:23:47 PM,86.28,24,2070.72,CXA,
3:20:07 PM,86.21,8,689.68,ASX,
3:19:51 PM,86.19,5,430.95,ASX,
3:19:51 PM,86.19,305,26287.95,ASX,
3:19:51 PM,86.2,310,26722,ASX,
3:19:40 PM,86.23,40,3449.2,CXA,
3:16:51 PM,86.23,124,10692.52,ASX,
3:16:20 PM,86.24,47,4053.28,CXA,
3:15:40 PM,86.29,106,9146.74,ASX,
3:14:53 PM,86.31,38,3279.78,ASX,
3:14:53 PM,86.32,174,15019.68,ASX,
3:14:53 PM,86.32,90,7768.8,ASX,
3:13:16 PM,86.4,250,21600,ASX,
3:11:05 PM,86.38,5,431.9,ASX,
3:11:01 PM,86.4,34,2937.6,ASX,
3:10:19 PM,86.4,231,19958.4,CXA,
3:10:00 PM,86.36,194,16753.84,ASX,
3:10:00 PM,86.36,75,6477,ASX,
3:09:50 PM,86.37,270,23319.9,ASX,
3:05:55 PM,86.14,69,5943.66,ASX,
3:05:55 PM,86.14,90,7752.6,ASX,
3:05:17 PM,86.19,189,16289.91,ASX,
3:05:17 PM,86.19,800,68952,ASX,
3:05:17 PM,86.19,50,4309.5,ASX,
3:05:17 PM,86.19,150,12928.5,ASX,
3:05:17 PM,86.19,202,17410.38,ASX,
3:05:11 PM,86.19,151,13014.69,CXA,
3:04:19 PM,86.14,90,7752.6,ASX,
3:04:10 PM,86.19,3,258.57,ASX,
3:04:10 PM,86.18,90,7756.2,ASX,
3:04:07 PM,86.11,511,44002.21,ASX,
3:04:07 PM,86.12,171,14726.52,ASX,
3:04:07 PM,86.12,90,7750.8,ASX,
3:04:00 PM,86.16,26,2240.16,ASX,
3:03:23 PM,86.25,35,3018.75,CXA,
3:03:21 PM,86.18,80,6894.4,ASX,
3:03:21 PM,86.2,153,13188.6,ASX,
3:03:21 PM,86.2,115,9913,ASX,
3:01:13 PM,86.27,23,1984.21,CXA,
3:00:08 PM,86.24,90,7761.6,ASX,
2:59:36 PM,86.26,111,9574.86,ASX,
2:59:36 PM,86.26,92,7935.92,ASX,
2:59:26 PM,86.26,36,3105.36,ASX,
2:59:26 PM,86.27,239,20618.53,ASX,
2:59:12 PM,86.29,70,6040.3,ASX,
2:57:44 PM,86.3,23,1984.9,ASX,
2:57:09 PM,86.38,32,2764.16,ASX,
2:57:00 PM,86.31,41,3538.71,ASX,
2:55:31 PM,86.36,31,2677.16,ASX,
2:53:27 PM,86.38,19,1641.22,ASX,
2:53:00 PM,86.39,15,1295.85,ASX,
2:53:00 PM,86.39,136,11749.04,ASX,
2:53:00 PM,86.39,91,7861.49,ASX,
2:53:00 PM,86.4,9,777.6,ASX,
2:53:00 PM,86.4,249,21513.6,ASX,
2:52:52 PM,86.47,30,2594.1,ASX,
2:52:52 PM,86.47,33,2853.51,ASX,
2:52:52 PM,86.47,24,2075.28,ASX,
2:51:54 PM,86.48,93,8042.64,ASX,
2:51:49 PM,86.51,36,3114.36,ASX,
2:51:41 PM,86.53,19,1644.07,ASX,
2:51:40 PM,86.53,132,11421.96,ASX,
2:51:40 PM,86.53,151,13066.03,ASX,
2:51:31 PM,86.53,500,43265,ASX,
2:51:15 PM,86.52,30,2595.6,ASX,
2:51:15 PM,86.52,52,4499.04,ASX,
2:50:57 PM,86.56,97,8396.32,ASX,
2:50:57 PM,86.56,8,692.48,ASX,
2:50:04 PM,86.56,106,9175.36,ASX,
2:50:04 PM,86.56,90,7790.4,ASX,
2:49:13 PM,86.59,369,31951.71,ASX,
2:49:13 PM,86.59,76,6580.84,CXA,
2:49:13 PM,86.59,230,19915.7,CXA,
2:49:01 PM,86.65,11,953.15,ASX,
2:49:00 PM,86.65,121,10484.65,ASX,
2:49:00 PM,86.65,132,11437.8,ASX,
2:48:53 PM,86.66,264,22878.24,ASX,
2:46:45 PM,86.67,90,7800.3,ASX,
2:46:11 PM,86.63,23,1992.49,ASX,
2:46:11 PM,86.63,91,7883.33,ASX,
2:46:11 PM,86.63,90,7796.7,ASX,
2:45:25 PM,86.69,3,260.07,ASX,
2:44:37 PM,86.69,154,13350.26,CXA,
2:44:02 PM,86.72,123,10666.56,ASX,
2:44:02 PM,86.73,90,7805.7,ASX,
2:42:16 PM,86.81,369,32032.89,ASX,
2:40:29 PM,86.73,97,8412.81,ASX,
2:40:29 PM,86.74,37,3209.38,ASX,
2:40:29 PM,86.74,136,11796.64,ASX,
2:40:29 PM,86.75,176,15268,ASX,
2:40:10 PM,86.8,170,14756,ASX,
2:39:59 PM,86.84,149,12939.16,ASX,
2:39:55 PM,86.8,115,9982,ASX,
2:39:51 PM,86.83,23,1997.09,ASX,
2:39:46 PM,86.81,9,781.29,ASX,
2:39:46 PM,86.81,182,15799.42,ASX,
2:39:46 PM,86.81,94,8160.14,ASX,
2:37:43 PM,86.87,48,4169.76,CXA,
2:36:42 PM,86.76,150,13014,ASX,
2:36:42 PM,86.77,44,3817.88,ASX,
2:36:42 PM,86.77,66,5726.82,ASX,
2:36:42 PM,86.77,90,7809.3,ASX,
2:35:09 PM,86.81,287,24914.47,CXA,
2:34:11 PM,86.9,80,6952,ASX,
2:30:22 PM,86.82,365,31689.3,ASX,
2:30:22 PM,86.82,140,12154.8,ASX,
2:30:22 PM,86.82,90,7813.8,ASX,
2:29:51 PM,86.88,158,13727.04,ASX,
2:29:51 PM,86.88,43,3735.84,ASX,
2:29:48 PM,86.88,231,20069.28,ASX,
2:29:09 PM,86.82,18,1562.76,ASX,
2:29:09 PM,86.82,52,4514.64,ASX,
2:29:09 PM,86.82,4,347.28,ASX,
2:29:09 PM,86.82,42,3646.44,ASX,
2:27:19 PM,86.86,36,3126.96,ASX,
2:25:30 PM,86.8,44,3819.2,ASX,
2:19:58 PM,86.9,25,2172.5,ASX,
2:19:58 PM,86.9,6,521.4,ASX,
2:19:58 PM,86.9,25,2172.5,ASX,
2:19:39 PM,86.93,45,3911.85,ASX,
2:19:39 PM,86.93,31,2694.83,ASX,
2:19:39 PM,86.93,169,14691.17,ASX,
2:19:39 PM,86.94,244,21213.36,ASX,
2:17:29 PM,86.95,19,1652.05,ASX,
2:17:18 PM,87,31,2697,ASX,
2:16:10 PM,86.95,148,12868.6,ASX,
2:16:10 PM,86.95,196,17042.2,ASX,
2:16:10 PM,86.95,81,7042.95,ASX,
2:16:05 PM,86.9,105,9124.5,ASX,
2:15:30 PM,86.88,36,3127.68,ASX,
2:14:13 PM,86.86,524,45514.64,ASX,
2:13:35 PM,86.79,57,4947.03,ASX,
2:09:49 PM,86.74,76,6592.24,ASX,
2:09:49 PM,86.75,76,6593,ASX,
2:09:48 PM,86.8,200,17360,ASX,
2:09:48 PM,86.8,800,69440,ASX,
2:09:48 PM,86.8,575,49910,CXA,
2:09:48 PM,86.83,31,2691.73,ASX,
2:09:48 PM,86.83,2,173.66,ASX,
2:09:33 PM,86.83,219,19015.77,ASX,
2:09:17 PM,86.84,251,21796.84,ASX,
2:08:45 PM,86.87,2,173.74,ASX,
2:07:47 PM,86.83,25,2170.75,ASX,
2:07:47 PM,86.83,90,7814.7,ASX,
2:07:15 PM,86.82,40,3472.8,ASX,
2:05:30 PM,86.85,47,4081.95,ASX,
2:03:42 PM,86.76,47,4077.72,ASX,
2:02:49 PM,86.79,218,18920.22,ASX,
2:02:40 PM,86.79,23,1996.17,ASX,
1:59:18 PM,86.66,130,11265.8,ASX,
1:59:18 PM,86.66,110,9532.6,ASX,
1:58:40 PM,86.7,3,260.1,ASX,
1:58:06 PM,86.62,108,9354.96,ASX,
1:58:06 PM,86.62,90,7795.8,ASX,
1:58:06 PM,86.6,302,26153.2,CXA,
1:56:22 PM,86.67,56,4853.52,ASX,
1:56:01 PM,86.61,6,519.66,ASX,
1:56:01 PM,86.61,90,7794.9,ASX,
1:54:59 PM,86.53,90,7787.7,ASX,
1:53:50 PM,86.57,61,5280.77,ASX,
1:52:58 PM,86.58,56,4848.48,ASX,
1:50:45 PM,86.57,271,23460.47,ASX,
1:50:06 PM,86.58,143,12380.94,ASX,
1:50:06 PM,86.58,129,11168.82,ASX,
1:48:46 PM,86.56,23,1990.88,ASX,
1:44:28 PM,86.56,108,9348.48,ASX,
1:42:05 PM,86.55,210,18175.5,ASX,
1:42:05 PM,86.53,1420,122872.6,CXA,
1:42:01 PM,86.61,46,3984.06,ASX,
1:41:23 PM,86.5,61,5276.5,ASX,
1:41:23 PM,86.5,175,15137.5,ASX,
1:41:22 PM,86.5,30,2595,ASX,
1:40:37 PM,86.52,82,7094.64,ASX,
1:40:37 PM,86.52,188,16265.76,ASX,
1:40:36 PM,86.53,270,23363.1,ASX,
1:40:03 PM,86.54,90,7788.6,ASX,
1:36:58 PM,86.43,219,18928.17,ASX,
1:35:40 PM,86.42,492,42518.64,ASX,
1:35:40 PM,86.42,800,69136,ASX,
1:35:40 PM,86.42,800,69136,ASX,
1:35:10 PM,86.3,5,431.5,ASX,
1:35:07 PM,86.42,1000,86420,ASX,
1:35:07 PM,86.42,600,51852,CXA,
1:33:24 PM,86.45,51,4408.95,CXA,
1:33:24 PM,86.46,90,7781.4,ASX,
1:32:51 PM,86.48,43,3718.64,ASX,
1:29:58 PM,86.49,1,86.49,ASX,
1:29:58 PM,86.49,58,5016.42,ASX,
1:29:58 PM,86.49,18,1556.82,ASX,
1:29:58 PM,86.49,15,1297.35,ASX,
1:29:57 PM,86.51,285,24655.35,ASX,
1:29:57 PM,86.51,90,7785.9,ASX,
1:29:43 PM,86.47,93,8041.71,ASX,
1:28:57 PM,86.45,100,8645,ASX,
1:26:10 PM,86.37,60,5182.2,ASX,
1:23:18 PM,86.5,100,8650,CXA,
1:22:48 PM,86.48,291,25165.68,ASX,
1:22:04 PM,86.49,291,25168.59,ASX,
1:18:41 PM,86.3,996,85954.8,ASX,
1:18:41 PM,86.3,90,7767,ASX,
1:18:40 PM,86.4,34,2937.6,ASX,
1:16:37 PM,86.34,120,10360.8,ASX,
1:16:37 PM,86.33,90,7769.7,ASX,
1:16:36 PM,86.32,90,7768.8,ASX,
1:12:39 PM,86.3,48,4142.4,ASX,
1:12:39 PM,86.3,224,19331.2,ASX,
1:12:38 PM,86.3,126,10873.8,ASX,
1:12:35 PM,86.3,22,1898.6,ASX,
1:12:35 PM,86.3,80,6904,ASX,
1:09:42 PM,86.31,800,69048,ASX,
1:09:42 PM,86.31,800,69048,ASX,
1:09:16 PM,86.23,294,25351.62,ASX,
1:09:16 PM,86.17,821,70745.57,CXA,
1:08:59 PM,86.22,293,25262.46,ASX,
1:08:38 PM,86.23,28,2414.44,ASX,
1:07:53 PM,86.3,391,33743.3,ASX,
1:07:53 PM,86.3,92,7939.6,ASX,
1:07:53 PM,86.3,115,9924.5,ASX,
1:07:52 PM,86.35,48,4144.8,ASX,
1:04:56 PM,86.44,45,3889.8,ASX,
1:00:36 PM,86.39,290,25053.1,ASX,
1:00:36 PM,86.39,90,7775.1,ASX,
1:00:30 PM,86.47,100,8647,CXA,
1:00:01 PM,86.41,100,8641,CXA,
12:59:43 PM,86.48,17,1470.16,ASX,
12:59:41 PM,86.43,31,2679.33,ASX,
12:59:41 PM,86.43,79,6827.97,ASX,
12:59:41 PM,86.43,56,4840.08,ASX,
12:59:41 PM,86.43,98,8470.14,ASX,
12:59:41 PM,86.44,78,6742.32,ASX,
12:59:41 PM,86.44,186,16077.84,ASX,
12:59:38 PM,86.5,100,8650,CXA,
12:57:15 PM,86.49,1,86.49,ASX,
12:57:15 PM,86.49,8,691.92,ASX,
12:56:48 PM,86.49,394,34077.06,ASX,
12:56:17 PM,86.57,345,29866.65,CXA,
12:56:02 PM,86.56,28,2423.68,ASX,
12:53:48 PM,86.59,24,2078.16,ASX,
12:52:54 PM,86.5,50,4325,ASX,
12:50:15 PM,86.51,33,2854.83,ASX,
12:50:15 PM,86.51,49,4238.99,ASX,
12:50:15 PM,86.51,935,80886.85,ASX,
12:49:58 PM,86.45,8,691.6,ASX,
12:49:57 PM,86.45,3,259.35,ASX,
12:49:57 PM,86.5,250,21625,ASX,
12:49:57 PM,86.5,17,1470.5,ASX,
12:49:57 PM,86.5,5,432.5,ASX,
12:49:57 PM,86.5,88,7612,ASX,
12:49:57 PM,86.5,17,1470.5,ASX,
12:49:57 PM,86.5,1,86.5,ASX,
12:49:56 PM,86.53,288,24920.64,ASX,
12:49:55 PM,86.54,263,22760.02,ASX,
12:49:23 PM,86.54,25,2163.5,ASX,
12:46:57 PM,86.6,33,2857.8,ASX,
12:44:26 PM,86.65,34,2946.1,ASX,
12:43:52 PM,86.71,504,43701.84,ASX,
12:43:23 PM,86.67,111,9620.37,ASX,
12:41:03 PM,86.51,35,3027.85,ASX,
12:41:03 PM,86.51,90,7785.9,ASX,
12:40:18 PM,86.59,90,7793.1,ASX,
12:40:18 PM,86.63,83,7190.29,CXA,
12:39:50 PM,86.59,292,25284.28,ASX,
12:39:41 PM,86.6,72,6235.2,ASX,
12:39:41 PM,86.6,40,3464,ASX,
12:39:34 PM,86.6,22,1905.2,ASX,
12:39:33 PM,86.6,159,13769.4,ASX,
12:39:25 PM,86.66,1000,86660,CXA,
12:37:49 PM,86.55,30,2596.5,ASX,
12:37:49 PM,86.55,90,7789.5,ASX,
12:31:43 PM,86.55,10,865.5,ASX,
12:31:43 PM,86.55,90,7789.5,ASX,
12:30:45 PM,86.68,58,5027.44,ASX,
12:30:44 PM,86.68,47,4073.96,ASX,
12:30:28 PM,86.67,47,4073.49,ASX,
12:30:28 PM,86.67,90,7800.3,ASX,
12:29:59 PM,86.65,8,693.2,ASX,
12:29:59 PM,86.65,123,10657.95,ASX,
12:29:59 PM,86.65,3,259.95,ASX,
12:29:59 PM,86.65,41,3552.65,ASX,
12:29:55 PM,86.66,38,3293.08,ASX,
12:29:55 PM,86.66,53,4592.98,ASX,
12:29:55 PM,86.66,108,9359.28,ASX,
12:29:55 PM,86.66,80,6932.8,ASX,
12:28:15 PM,86.63,74,6410.62,CXA,
12:26:25 PM,86.7,9,780.3,ASX,
12:26:25 PM,86.7,100,8670,ASX,
12:26:25 PM,86.7,6,520.2,ASX,
12:25:35 PM,86.69,65,5634.85,ASX,
12:25:35 PM,86.69,67,5808.23,ASX,
12:24:48 PM,86.7,44,3814.8,ASX,
12:24:35 PM,86.74,575,49875.5,CXA,
12:20:29 PM,86.8,47,4079.6,ASX,
12:20:29 PM,86.8,90,7812,ASX,
12:20:08 PM,86.75,53,4597.75,ASX,
12:20:08 PM,86.75,90,7807.5,ASX,
12:19:52 PM,86.79,48,4165.92,ASX,
12:19:24 PM,86.77,137,11887.49,ASX,
12:19:24 PM,86.77,61,5292.97,ASX,
12:19:24 PM,86.77,76,6594.52,ASX,
12:19:23 PM,86.77,274,23774.98,ASX,
12:17:39 PM,86.7,361,31298.7,CXA,
12:12:49 PM,86.59,142,12295.78,ASX,
12:12:49 PM,86.59,629,54465.11,ASX,
12:10:11 PM,86.7,11,953.7,ASX,
12:10:06 PM,86.66,680,58928.8,ASX,
12:10:06 PM,86.66,320,27731.2,ASX,
12:10:06 PM,86.66,86,7452.76,CXA,
12:09:55 PM,86.7,23,1994.1,ASX,
12:09:10 PM,86.78,263,22823.14,ASX,
12:09:09 PM,86.84,160,13894.4,ASX,
12:09:09 PM,86.84,90,7815.6,ASX,
12:09:09 PM,86.79,263,22825.77,ASX,
12:07:07 PM,86.8,40,3472,ASX,
12:07:02 PM,86.78,18,1562.04,ASX,
12:06:30 PM,86.74,17,1474.58,ASX,
12:06:30 PM,86.74,90,7806.6,ASX,
12:05:31 PM,86.78,268,23257.04,ASX,
12:05:28 PM,86.8,39,3385.2,ASX,
12:05:10 PM,86.82,22,1910.04,CXA,
12:03:39 PM,86.87,575,49950.25,CXA,
12:01:39 PM,86.82,79,6858.78,ASX,
12:01:25 PM,86.8,115,9982,ASX,
12:00:35 PM,86.85,38,3300.3,ASX,
12:00:35 PM,86.85,54,4689.9,ASX,
12:00:35 PM,86.85,189,16414.65,ASX,
12:00:31 PM,86.83,366,31779.78,ASX,
12:00:31 PM,86.83,800,69464,ASX,
12:00:31 PM,86.83,800,69464,ASX,
12:00:31 PM,86.83,259,22488.97,CXA,
12:00:01 PM,86.79,130,11282.7,ASX,
12:00:01 PM,86.79,90,7811.1,ASX,
12:00:01 PM,86.78,780,67688.4,CXA,
11:59:08 AM,86.78,82,7115.96,ASX,
11:59:04 AM,86.81,273,23699.13,ASX,
11:59:00 AM,86.81,274,23785.94,ASX,
11:57:14 AM,86.82,229,19881.78,ASX,
11:56:21 AM,86.88,90,7819.2,ASX,
11:56:12 AM,86.96,131,11391.76,ASX,
11:56:12 AM,86.95,90,7825.5,ASX,
11:55:59 AM,86.92,504,43807.68,ASX,
11:55:07 AM,86.9,20,1738,ASX,
11:55:07 AM,86.9,95,8255.5,ASX,
11:54:47 AM,86.95,90,7825.5,ASX,
11:53:25 AM,86.94,10,869.4,ASX,
11:53:25 AM,86.94,113,9824.22,ASX,
11:53:25 AM,86.94,29,2521.26,ASX,
11:53:24 AM,86.95,200,17390,ASX,
11:53:24 AM,86.95,496,43127.2,ASX,
11:53:24 AM,86.95,249,21650.55,CXA,
11:53:24 AM,86.95,441,38344.95,CXA,
11:52:57 AM,86.95,142,12346.9,ASX,
11:52:57 AM,86.95,158,13738.1,ASX,
11:52:34 AM,86.98,600,52188,ASX,
11:52:34 AM,86.98,200,17396,ASX,
11:52:34 AM,86.98,200,17396,ASX,
11:52:34 AM,86.98,300,26094,CXA,
11:52:34 AM,86.98,12,1043.76,CXA,
11:51:20 AM,87.06,39,3395.34,ASX,
11:50:58 AM,87.05,247,21501.35,ASX,
11:50:58 AM,87.05,356,30989.8,ASX,
11:50:58 AM,87.05,301,26202.05,ASX,
11:50:54 AM,87.05,2,174.1,ASX,
11:50:54 AM,87.05,188,16365.4,ASX,
11:50:40 AM,87.05,654,56930.7,ASX,
11:50:40 AM,87.05,800,69640,ASX,
11:50:40 AM,87.05,500,43525,ASX,
11:49:08 AM,86.94,69,5998.86,ASX,
11:49:08 AM,86.94,311,27038.34,ASX,
11:49:08 AM,86.94,336,29211.84,CXA,
11:49:07 AM,86.95,14,1217.3,ASX,
11:49:07 AM,86.95,50,4347.5,ASX,
11:49:07 AM,86.95,67,5825.65,ASX,
11:49:06 AM,86.96,55,4782.8,ASX,
11:49:00 AM,87.02,275,23930.5,ASX,
11:49:00 AM,87.02,233,20275.66,ASX,
11:49:00 AM,87.02,373,32458.46,ASX,
11:49:00 AM,87.02,394,34285.88,ASX,
11:49:00 AM,87.03,275,23933.25,ASX,
11:49:00 AM,87.03,500,43515,ASX,
11:49:00 AM,87.03,500,43515,ASX,
11:49:00 AM,87.03,434,37771.02,CXA,
11:49:00 AM,87.03,25,2175.75,CXA,
11:48:58 AM,87.03,322,28023.66,CXA,
11:48:58 AM,87.03,115,10008.45,CXA,
11:48:58 AM,87.03,104,9051.12,CXA,
11:48:45 AM,87.05,438,38127.9,ASX,
11:48:45 AM,87.05,108,9401.4,ASX,
11:48:45 AM,87.05,406,35342.3,ASX,
11:48:40 AM,87.13,28,2439.64,CXA,
11:47:20 AM,87.04,178,15493.12,ASX,
11:47:20 AM,87.04,90,7833.6,ASX,
11:46:58 AM,86.97,500,43485,ASX,
11:46:37 AM,86.91,2,173.82,ASX,
11:46:36 AM,86.91,190,16512.9,ASX,
11:46:36 AM,86.91,186,16165.26,CXA,
11:46:36 AM,86.91,75,6518.25,ASX,
11:46:36 AM,86.91,75,6518.25,ASX,
11:46:36 AM,86.91,26,2259.66,ASX,
11:46:36 AM,86.91,253,21988.23,CXA,
11:46:36 AM,86.91,25,2172.75,ASX,
11:46:36 AM,86.91,104,9038.64,ASX,
11:46:27 AM,86.88,11,955.68,ASX,
11:46:27 AM,86.88,272,23631.36,ASX,
11:45:35 AM,86.8,145,12586,CXA,
11:45:25 AM,86.78,90,7810.2,ASX,
11:44:43 AM,86.85,60,5211,ASX,
11:44:43 AM,86.86,51,4429.86,ASX,
11:44:43 AM,86.86,49,4256.14,ASX,
11:44:31 AM,86.87,88,7644.56,ASX,
11:43:21 AM,86.87,60,5212.2,ASX,
11:41:51 AM,86.9,33,2867.7,ASX,
11:40:26 AM,86.86,148,12855.28,ASX,
11:40:24 AM,86.86,90,7817.4,ASX,
11:39:30 AM,86.94,266,23126.04,ASX,
11:39:27 AM,86.94,80,6955.2,ASX,
11:39:21 AM,86.93,80,6954.4,ASX,
11:38:59 AM,86.89,76,6603.64,ASX,
11:38:59 AM,86.89,15,1303.35,ASX,
11:38:59 AM,86.89,41,3562.49,ASX,
11:38:59 AM,86.89,10,868.9,ASX,
11:38:59 AM,86.89,125,10861.25,ASX,
11:37:39 AM,86.93,197,17125.21,ASX,
11:37:39 AM,86.93,90,7823.7,ASX,
11:37:31 AM,86.9,51,4431.9,ASX,
11:37:24 AM,86.9,77,6691.3,ASX,
11:37:24 AM,86.9,145,12600.5,ASX,
11:37:24 AM,86.9,95,8255.5,ASX,
11:37:24 AM,86.9,166,14425.4,ASX,
11:37:24 AM,86.9,84,7299.6,ASX,
11:37:24 AM,86.9,96,8342.4,ASX,
11:37:24 AM,86.9,86,7473.4,ASX,
11:37:24 AM,86.91,90,7821.9,ASX,
11:36:32 AM,86.96,46,4000.16,ASX,
11:34:56 AM,86.95,267,23215.65,ASX,
11:34:56 AM,86.95,120,10434,ASX,
11:33:48 AM,86.95,57,4956.15,ASX,
11:32:15 AM,86.9,6,521.4,ASX,
11:32:15 AM,86.9,344,29893.6,ASX,
11:32:07 AM,86.95,11,956.45,ASX,
11:31:26 AM,86.97,32,2783.04,ASX,
11:31:26 AM,86.97,21,1826.37,ASX,
11:31:19 AM,86.97,406,35309.82,ASX,
11:31:13 AM,86.98,241,20962.18,ASX,
11:31:13 AM,86.98,243,21136.14,CXA,
11:30:53 AM,87,59,5133,ASX,
11:30:27 AM,87.08,1547,134712.76,ASX,
11:30:27 AM,87.08,77,6705.16,ASX,
11:30:18 AM,87.05,66,5745.3,ASX,
11:29:47 AM,87.04,25,2176,ASX,
11:29:47 AM,87.04,233,20280.32,ASX,
11:29:46 AM,87.05,90,7834.5,ASX,
11:29:40 AM,87.05,169,14711.45,ASX,
11:29:40 AM,87.05,96,8356.8,ASX,
11:29:40 AM,87.05,800,69640,ASX,
11:29:40 AM,87.05,416,36212.8,ASX,
11:29:39 AM,87.05,151,13144.55,ASX,
11:29:39 AM,87.05,183,15930.15,ASX,
11:29:37 AM,87.05,8,696.4,ASX,
11:29:37 AM,87.05,6,522.3,ASX,
11:29:37 AM,87.05,15,1305.75,ASX,
11:29:37 AM,87.05,8,696.4,ASX,
11:29:37 AM,87.05,11,957.55,ASX,
11:29:37 AM,87.05,112,9749.6,ASX,
11:29:37 AM,87.05,105,9140.25,ASX,
11:29:37 AM,87.05,41,3569.05,ASX,
11:29:29 AM,87.05,55,4787.75,ASX,
11:29:29 AM,87.05,230,20021.5,ASX,
11:28:57 AM,87.01,67,5829.67,ASX,
11:28:57 AM,87.01,166,14443.66,ASX,
11:28:47 AM,87,350,30450,ASX,
11:28:46 AM,87,53,4611,ASX,
11:28:46 AM,87,283,24621,ASX,
11:28:45 AM,87,270,23490,ASX,
11:28:45 AM,87,350,30450,ASX,
11:28:31 AM,86.98,84,7306.32,ASX,
11:28:31 AM,86.98,258,22440.84,ASX,
11:27:09 AM,87.05,51,4439.55,ASX,
11:25:50 AM,86.95,170,14781.5,CXA,
11:25:50 AM,86.97,239,20785.83,ASX,
11:25:49 AM,86.98,90,7828.2,ASX,
11:25:28 AM,87.01,52,4524.52,ASX,
11:24:26 AM,86.97,110,9566.7,CXA,
11:24:01 AM,87.01,1000,87010,ASX,
11:24:01 AM,87.02,1000,87020,ASX,
11:24:01 AM,87.02,39,3393.78,CXA,
11:24:01 AM,87.02,354,30805.08,CXA,
11:24:01 AM,87.02,500,43510,CXA,
11:24:01 AM,87.02,107,9311.14,CXA,
11:23:44 AM,87.05,121,10533.05,ASX,
11:23:44 AM,87.05,156,13579.8,ASX,
11:23:44 AM,87.05,303,26376.15,ASX,
11:23:44 AM,87.05,234,20369.7,ASX,
11:23:44 AM,87.05,374,32556.7,ASX,
11:23:44 AM,87.05,304,26463.2,ASX,
11:23:44 AM,87.05,111,9662.55,ASX,
11:23:31 AM,87.05,59,5135.95,ASX,
11:23:30 AM,87.05,50,4352.5,ASX,
11:23:00 AM,86.99,755,65677.45,ASX,
11:23:00 AM,86.99,800,69592,ASX,
11:23:00 AM,86.99,800,69592,ASX,
11:19:50 AM,86.87,1,86.87,ASX,
11:19:50 AM,86.88,286,24847.68,ASX,
11:19:50 AM,86.89,124,10774.36,ASX,
11:19:31 AM,86.89,79,6864.31,ASX,
11:19:31 AM,86.89,88,7646.32,ASX,
11:19:31 AM,86.89,88,7646.32,ASX,
11:19:31 AM,86.9,92,7994.8,ASX,
11:19:31 AM,86.9,116,10080.4,ASX,
11:19:31 AM,86.9,67,5822.3,ASX,
11:19:31 AM,86.9,5,434.5,ASX,
11:19:31 AM,86.9,10,869,ASX,
11:18:03 AM,86.9,60,5214,ASX,
11:18:03 AM,86.9,163,14164.7,ASX,
11:18:03 AM,86.9,124,10775.6,ASX,
11:18:02 AM,86.95,345,29997.75,ASX,
11:18:02 AM,86.95,655,56952.25,ASX,
11:18:02 AM,86.96,1000,86960,ASX,
11:18:02 AM,86.95,516,44866.2,CXA,
11:18:02 AM,86.96,962,83655.52,CXA,
11:17:59 AM,86.96,38,3304.48,CXA,
11:17:39 AM,86.99,90,7829.1,ASX,
11:16:09 AM,87,100,8700,ASX,
11:16:09 AM,87,417,36279,ASX,
11:16:09 AM,87,1000,87000,ASX,
11:16:09 AM,87,500,43500,ASX,
11:16:09 AM,87,1600,139200,ASX,
11:16:09 AM,87,293,25491,ASX,
11:16:09 AM,87,90,7830,ASX,
11:12:52 AM,87,17,1479,ASX,
11:11:57 AM,87.04,46,4003.84,CXA,
11:11:39 AM,87,500,43500,ASX,
11:10:52 AM,86.94,1344,116847.36,CXA,
11:09:48 AM,86.99,1516,131876.84,CXA,
11:09:23 AM,87.07,90,7836.3,ASX,
11:08:54 AM,87.13,297,25877.61,ASX,
11:08:50 AM,87.14,28,2439.92,ASX,
11:08:50 AM,87.14,269,23440.66,ASX,
11:08:15 AM,87.18,248,21620.64,ASX,
11:08:15 AM,87.18,522,45507.96,ASX,
11:06:45 AM,87.1,17,1480.7,ASX,
11:06:22 AM,87.1,100,8710,ASX,
11:06:06 AM,87.15,1014,88370.1,CXA,
11:05:51 AM,87.18,84,7323.12,ASX,
11:05:51 AM,87.19,201,17525.19,ASX,
11:05:51 AM,87.19,21,1830.99,ASX,
11:05:51 AM,87.19,40,3487.6,ASX,
11:05:51 AM,87.19,17,1482.23,ASX,
11:05:51 AM,87.19,42,3661.98,ASX,
11:05:51 AM,87.19,100,8719,ASX,
11:05:51 AM,87.19,579,50483.01,ASX,
11:05:51 AM,87.19,84,7323.96,CXA,
11:05:51 AM,87.19,323,28162.37,CXA,
11:05:37 AM,87.29,573,50017.17,CXA,
11:04:04 AM,87.23,100,8723,ASX,
11:02:33 AM,87.3,12,1047.6,CXA,
11:00:47 AM,87.31,12,1047.72,ASX,
11:00:13 AM,87.33,268,23404.44,ASX,
11:00:13 AM,87.33,109,9518.97,ASX,
11:00:13 AM,87.33,39,3405.87,ASX,
11:00:13 AM,87.33,42,3667.86,ASX,
11:00:12 AM,87.3,20,1746,ASX,
11:00:12 AM,87.3,356,31078.8,ASX,
10:59:11 AM,87.37,111,9698.07,ASX,
10:59:11 AM,87.37,500,43685,ASX,
10:59:11 AM,87.37,229,20007.73,ASX,
10:59:11 AM,87.37,119,10397.03,ASX,
10:59:11 AM,87.37,323,28220.51,ASX,
10:58:50 AM,87.47,43,3761.21,ASX,
10:58:49 AM,87.46,35,3061.1,ASX,
10:58:49 AM,87.46,199,17404.54,ASX,
10:58:49 AM,87.47,276,24141.72,ASX,
10:58:42 AM,87.51,200,17502,CXA,
10:58:35 AM,87.45,340,29733,ASX,
10:58:35 AM,87.42,55,4808.1,CXA,
10:57:06 AM,87.41,160,13985.6,ASX,
10:56:29 AM,87.34,119,10393.46,CXA,
10:52:19 AM,87.32,40,3492.8,ASX,
10:51:43 AM,87.35,500,43675,ASX,
10:51:43 AM,87.35,10,873.5,ASX,
10:51:43 AM,87.35,162,14150.7,ASX,
10:51:43 AM,87.35,189,16509.15,ASX,
10:51:43 AM,87.35,14,1222.9,ASX,
10:51:34 AM,87.29,32,2793.28,ASX,
10:51:34 AM,87.29,18,1571.22,ASX,
10:51:34 AM,87.29,59,5150.11,ASX,
10:50:47 AM,87.24,155,13522.2,ASX,
10:50:47 AM,87.24,90,7851.6,ASX,
10:50:35 AM,87.28,13,1134.64,CXA,
10:50:19 AM,87.24,48,4187.52,ASX,
10:49:07 AM,87.15,128,11155.2,ASX,
10:49:07 AM,87.16,282,24579.12,ASX,
10:49:07 AM,87.16,90,7844.4,ASX,
10:48:00 AM,87.15,11,958.65,ASX,
10:48:00 AM,87.15,74,6449.1,ASX,
10:44:52 AM,87.2,4,348.8,ASX,
10:43:52 AM,87.2,45,3924,ASX,XT
10:43:52 AM,87.21,90,7848.9,ASX,
10:43:50 AM,87.29,128,11173.12,ASX,
10:42:35 AM,87.2,18,1569.6,ASX,
10:42:11 AM,87.32,160,13971.2,ASX,
10:40:01 AM,87.34,237,20699.58,ASX,
10:40:01 AM,87.35,45,3930.75,ASX,
10:40:01 AM,87.35,500,43675,ASX,
10:40:01 AM,87.35,455,39744.25,ASX,
10:40:01 AM,87.35,500,43675,CXA,
10:39:02 AM,87.37,264,23065.68,ASX,
10:39:01 AM,87.39,264,23070.96,ASX,
10:38:50 AM,87.42,90,7867.8,ASX,
10:38:43 AM,87.38,630,55049.4,ASX,
10:38:43 AM,87.37,500,43685,ASX,
10:38:43 AM,87.37,500,43685,ASX,
10:38:43 AM,87.37,500,43685,CXA,
10:38:43 AM,87.37,500,43685,CXA,
10:35:56 AM,87.5,113,9887.5,ASX,
10:35:46 AM,87.54,60,5252.4,ASX,
10:35:46 AM,87.54,90,7878.6,ASX,
10:31:55 AM,87.79,233,20455.07,ASX,
10:31:55 AM,87.79,223,19577.17,ASX,
10:31:55 AM,87.79,44,3862.76,ASX,
10:31:55 AM,87.8,56,4916.8,ASX,
10:31:55 AM,87.79,500,43895,CXA,
10:29:30 AM,87.89,11,966.79,ASX,
10:29:22 AM,87.94,210,18467.4,ASX,
10:29:22 AM,87.93,90,7913.7,ASX,
10:28:46 AM,87.9,165,14503.5,ASX,
10:28:46 AM,87.94,241,21193.54,ASX,
10:28:46 AM,87.95,88,7739.6,ASX,
10:28:46 AM,87.95,153,13456.35,ASX,
10:28:21 AM,87.91,219,19252.29,ASX,
10:28:03 AM,87.95,90,7915.5,ASX,
10:28:03 AM,87.93,468,41151.24,CXA,
10:28:01 AM,88,284,24992,ASX,
10:26:35 AM,87.92,500,43960,ASX,
10:26:35 AM,87.92,500,43960,CXA,
10:25:59 AM,87.95,393,34564.35,ASX,
10:25:59 AM,87.95,500,43975,CXA,
10:25:39 AM,88.05,4,352.2,ASX,
10:25:39 AM,88.05,48,4226.4,ASX,
10:25:39 AM,88.05,4,352.2,ASX,
10:24:30 AM,88.07,338,29767.66,ASX,
10:23:47 AM,88.11,91,8018.01,ASX,
10:23:47 AM,88.11,212,18679.32,ASX,
10:23:04 AM,87.97,45,3958.65,ASX,
10:22:39 AM,88.05,69,6075.45,ASX,
10:22:39 AM,88.05,110,9685.5,ASX,
10:22:39 AM,88.05,76,6691.8,ASX,
10:22:39 AM,88.05,62,5459.1,ASX,
10:22:39 AM,88.05,153,13471.65,ASX,
10:22:39 AM,88.05,30,2641.5,ASX,
10:22:18 AM,88.13,110,9694.3,CXA,
10:22:05 AM,88.07,90,7926.3,ASX,
10:21:34 AM,88,110,9680,CXA,
10:21:34 AM,88.03,500,44015,CXA,
10:21:34 AM,87.99,500,43995,ASX,
10:21:34 AM,88.02,90,7921.8,ASX,
10:20:42 AM,87.94,1100,96734,ASX,
10:20:00 AM,87.9,500,43950,ASX,
10:19:31 AM,87.94,152,13366.88,ASX,
10:19:31 AM,87.94,287,25238.78,ASX,
10:19:31 AM,87.91,179,15735.89,ASX,
10:19:29 AM,87.9,177,15558.3,ASX,
10:19:29 AM,87.89,86,7558.54,ASX,
10:19:29 AM,87.89,103,9052.67,ASX,
10:19:26 AM,87.89,83,7294.87,ASX,
10:19:14 AM,87.86,45,3953.7,ASX,
10:19:14 AM,87.86,135,11861.1,ASX,
10:19:14 AM,87.92,44,3868.48,ASX,
10:19:14 AM,87.92,276,24265.92,ASX,
10:19:14 AM,87.92,128,11253.76,CXA,
10:19:14 AM,87.92,139,12220.88,CXA,
10:19:03 AM,87.98,217,19091.66,ASX,
10:19:03 AM,87.98,7,615.86,ASX,
10:19:03 AM,87.98,210,18475.8,ASX,
10:19:03 AM,87.99,97,8535.03,ASX,
10:19:03 AM,87.99,121,10646.79,ASX,
10:18:44 AM,87.97,250,21992.5,CXA,
10:18:36 AM,88.01,147,12937.47,ASX,
10:18:36 AM,88.02,11,968.22,ASX,
10:18:36 AM,88.02,50,4401,ASX,
10:18:36 AM,88.02,9,792.18,ASX,
10:18:36 AM,88.02,89,7833.78,ASX,
10:18:36 AM,88.07,46,4051.22,ASX,
10:18:36 AM,88.07,101,8895.07,ASX,
10:18:36 AM,88.07,353,31088.71,ASX,
10:18:29 AM,88.19,28,2469.32,CXA,
10:18:26 AM,88.17,180,15870.6,ASX,
10:18:22 AM,88.22,277,24436.94,ASX,
10:18:22 AM,88.22,43,3793.46,ASX,
10:18:22 AM,88.22,118,10409.96,CXA,
10:18:22 AM,88.22,428,37758.16,CXA,
10:18:22 AM,88.22,255,22496.1,CXA,
10:18:22 AM,88.22,376,33170.72,CXA,
10:18:02 AM,88.15,127,11195.05,ASX,
10:18:02 AM,88.15,500,44075,ASX,
10:18:02 AM,88.15,336,29618.4,ASX,
10:17:50 AM,88.14,83,7315.62,ASX,
10:17:32 AM,88.15,113,9960.95,CXA,
10:17:28 AM,88.1,129,11364.9,ASX,
10:15:54 AM,88.15,10,881.5,ASX,
10:15:54 AM,88.15,21,1851.15,ASX,
10:15:46 AM,88.14,66,5817.24,ASX,
10:15:39 AM,88.15,120,10578,ASX,
10:15:26 AM,88.2,72,6350.4,ASX,
10:15:26 AM,88.21,110,9703.1,ASX,
10:15:26 AM,88.21,5,441.05,ASX,
10:15:26 AM,88.22,110,9704.2,ASX,
10:15:26 AM,88.23,8,705.84,ASX,
10:15:26 AM,88.23,120,10587.6,ASX,
10:15:26 AM,88.24,124,10941.76,ASX,
10:15:25 AM,88.26,124,10944.24,ASX,
10:15:09 AM,88.24,30,2647.2,ASX,
10:15:08 AM,88.24,13,1147.12,CXA,
10:15:06 AM,88.24,60,5294.4,ASX,
10:14:49 AM,88.27,90,7944.3,ASX,
10:14:49 AM,88.3,139,12273.7,ASX,
10:14:49 AM,88.3,124,10949.2,ASX,
10:14:12 AM,88.28,78,6885.84,ASX,
10:14:12 AM,88.28,24,2118.72,ASX,
10:14:11 AM,88.3,84,7417.2,ASX,
10:14:08 AM,88.35,66,5831.1,ASX,
10:14:08 AM,88.35,20,1767,ASX,
10:14:02 AM,88.37,89,7864.93,ASX,
10:13:28 AM,88.41,255,22544.55,ASX,
10:13:28 AM,88.41,434,38369.94,ASX,
10:13:11 AM,88.29,22,1942.38,ASX,
10:13:02 AM,88.26,101,8914.26,ASX,
10:12:36 AM,88.16,7,617.12,ASX,
10:12:25 AM,88.22,121,10674.62,ASX,
10:12:25 AM,88.23,36,3176.28,ASX,
10:12:25 AM,88.23,35,3088.05,ASX,
10:12:25 AM,88.23,429,37850.67,ASX,
10:12:25 AM,88.23,110,9705.3,CXA,
10:12:17 AM,88.35,250,22087.5,CXA,
10:12:16 AM,88.25,100,8825,ASX,
10:12:16 AM,88.26,500,44130,ASX,
10:12:16 AM,88.25,500,44125,CXA,
10:12:09 AM,88.28,22,1942.16,CXA,
10:11:49 AM,88.2,190,16758,ASX,
10:11:47 AM,88.24,5,441.2,ASX,
10:11:46 AM,88.24,112,9882.88,ASX,
10:09:15 AM,88.12,231,20355.72,ASX,
10:09:12 AM,88.11,410,36125.1,ASX,
10:09:12 AM,88.11,90,7929.9,ASX,
10:09:03 AM,87.99,231,20325.69,ASX,
10:09:02 AM,88.22,290,25583.8,ASX,
10:09:02 AM,87.98,500,43990,CXA,
10:09:02 AM,88.22,210,18526.2,ASX,
10:07:45 AM,87.79,90,7901.1,ASX,
10:07:02 AM,87.39,318,27790.02,CXA,
10:06:47 AM,87.61,177,15506.97,ASX,
10:06:47 AM,87.61,233,20413.13,ASX,
10:06:47 AM,87.61,90,7884.9,ASX,
10:05:40 AM,87.52,12,1050.24,ASX,
10:05:30 AM,87.3,453,39546.9,ASX,
10:05:26 AM,87.3,500,43650,ASX,
10:05:25 AM,87.3,47,4103.1,ASX,
10:04:35 AM,87.39,90,7865.1,ASX,
10:04:00 AM,87.14,339,29540.46,ASX,
10:03:20 AM,87.14,52,4531.28,ASX,
10:02:50 AM,86.84,410,35604.4,ASX,
10:02:50 AM,86.84,90,7815.6,ASX,
10:02:15 AM,86.7,90,7803,ASX,
10:01:50 AM,86.61,90,7794.9,ASX,
10:01:00 AM,86.38,492,42498.96,ASX,
10:00:32 AM,86.3,105,9061.5,CXA,
10:00:30 AM,86.3,252,21747.6,CXA,
10:00:16 AM,86.5,98,8477,ASX,
10:00:12 AM,86.5,2,173,ASX,
10:00:12 AM,86.5,20,1730,ASX,
10:00:12 AM,86.5,478,41347,ASX,
10:00:12 AM,86.5,10,865,CXA,
10:00:09 AM,86.5,22,1903,ASX,
10:00:09 AM,86.7,9,780.3,ASX,
10:00:09 AM,86.73,115,9973.95,ASX,
10:00:09 AM,86.78,115,9979.7,ASX,
10:00:09 AM,86.9,87,7560.3,ASX,
10:00:09 AM,87,58,5046,ASX,
10:00:09 AM,87,218,18966,ASX,
10:00:05 AM,87,282,24534,ASX,
10:00:05 AM,87,6,522,ASX,
10:00:05 AM,87,29,2523,ASX,
10:00:05 AM,87,57,4959,ASX,
10:00:05 AM,87,58,5046,ASX,
10:00:05 AM,87,114,9918,ASX,
10:00:05 AM,87,230,20010,ASX,
10:00:05 AM,87.1,9,783.9,ASX,
10:00:05 AM,87.1,25,2177.5,ASX,
10:00:05 AM,87.15,9,784.35,ASX,
10:00:05 AM,87.15,291,25360.65,ASX,
10:00:05 AM,87.4,9,786.6,ASX,
10:00:05 AM,87.4,36,3146.4,ASX,
10:00:05 AM,87.5,9,787.5,ASX,
10:00:05 AM,87.5,17,1487.5,ASX,
10:00:05 AM,87.5,100,8750,ASX,
10:00:05 AM,87.5,16,1400,ASX,
10:00:05 AM,87.95,9,791.55,ASX,
10:00:05 AM,87.95,16,1407.2,ASX,
10:00:05 AM,87.95,9,791.55,ASX,
10:00:05 AM,88,25,2200,ASX,
10:00:05 AM,88,11,968,ASX,
10:00:05 AM,88,10,880,ASX,
10:00:05 AM,88,11,968,ASX,
10:00:05 AM,88,41,3608,ASX,
10:00:05 AM,88,159,13992,ASX,
10:00:05 AM,88,35,3080,ASX,
10:00:05 AM,88,200,17600,ASX,
10:00:05 AM,88.01,90,7920.9,ASX,
10:00:05 AM,88.3,8,706.4,ASX,
10:00:05 AM,88.3,71,6269.3,ASX,
10:00:05 AM,88.5,8,708,ASX,
10:00:05 AM,88.5,105,9292.5,ASX,
10:00:05 AM,88.5,395,34957.5,ASX,
10:00:01 AM,88.5,170,15045,ASX,
10:00:01 AM,88.5,240,21240,ASX,
10:00:01 AM,88.52,90,7966.8,ASX,
9:59:58 AM,88.5,145,12832.5,ASX,
9:59:58 AM,88.5,4,354,ASX,
9:59:58 AM,88.55,6,531.3,ASX,
9:59:58 AM,88.64,3,265.92,ASX,
9:59:58 AM,88.75,342,30352.5,ASX,
9:59:58 AM,89,110,9790,ASX,
9:59:58 AM,89,17,1513,ASX,XT
9:59:58 AM,89,111,9879,ASX,XT
9:59:58 AM,89,11,979,ASX,XT
9:59:58 AM,89,89,7921,ASX,
9:59:58 AM,89,51,4539,ASX,XT
9:59:58 AM,89,11,979,ASX,
9:59:58 AM,89,23,2047,ASX,
9:59:58 AM,89,6,534,ASX,XT
9:59:58 AM,89,5,445,ASX,
9:59:58 AM,89,1,89,ASX,
9:59:58 AM,89,23,2047,ASX,
9:59:58 AM,89,7,623,ASX,
9:59:58 AM,89,50,4450,ASX,
9:59:58 AM,89,11,979,ASX,
9:59:58 AM,89,9,801,ASX,
9:59:58 AM,89,44,3916,ASX,
9:59:58 AM,89,5,445,ASX,
9:59:58 AM,89,55,4895,ASX,
9:59:58 AM,89,55,4895,ASX,
9:59:58 AM,89,90,8010,ASX,
9:59:58 AM,89,55,4895,ASX,
9:59:58 AM,89,95,8455,ASX,
9:59:58 AM,89,280,24920,ASX,
9:59:58 AM,89,5,445,ASX,
9:59:58 AM,89,7,623,ASX,
9:59:58 AM,89,208,18512,ASX,
9:59:58 AM,89,14,1246,ASX,
9:59:58 AM,89,55,4895,ASX,
9:59:58 AM,89,21,1869,ASX,
9:59:58 AM,89,25,2225,ASX,
9:59:58 AM,89,215,19135,ASX,
