Time,Price $,Volume,Value $,Market,Condition
5:07:56 PM,48.64,2838,138040.32,CXA,LT
5:06:11 PM,48.64,2838,138040.32,CXA,
5:01:11 PM,48.64,453,22033.92,CXA,
5:00:10 PM,48.64,453,22033.92,CXA,LT
4:59:33 PM,48.64,1141,55498.24,ASX,LT XT
4:59:32 PM,48.64,1347,65518.08,ASX,LT XT
4:57:40 PM,48.64,419,20380.16,CXA,LT
4:57:11 PM,48.64,419,20380.16,CXA,
4:40:45 PM,48.64,11189,544232.96,CXA,
4:20:41 PM,48.64,3094,150492.16,CXA,
4:20:36 PM,48.64,962,46791.68,CXA,
4:10:40 PM,48.64,2437,118535.68,ASX,
4:10:40 PM,48.64,792,38522.88,ASX,
4:10:40 PM,48.64,3417,166202.88,ASX,
4:10:40 PM,48.64,1943,94507.52,ASX,
4:10:40 PM,48.64,71,3453.44,ASX,
4:10:40 PM,48.64,190,9241.6,ASX,
4:10:40 PM,48.64,361,17559.04,ASX,
4:10:40 PM,48.64,1508,73349.12,ASX,
4:10:40 PM,48.64,2818,137067.52,ASX,
4:10:40 PM,48.64,897,43630.08,ASX,
4:10:40 PM,48.64,722,35118.08,ASX,
4:10:40 PM,48.64,726,35312.64,ASX,
4:10:40 PM,48.64,1045,50828.8,ASX,
4:10:40 PM,48.64,510,24806.4,ASX,
4:10:40 PM,48.64,236,11479.04,ASX,
4:10:40 PM,48.64,482,23444.48,ASX,
4:10:40 PM,48.64,752,36577.28,ASX,
4:10:40 PM,48.64,21,1021.44,ASX,
4:10:40 PM,48.64,181,8803.84,ASX,
4:10:40 PM,48.64,32,1556.48,ASX,XT
4:10:40 PM,48.64,1964,95528.96,ASX,
4:10:40 PM,48.64,1194,58076.16,ASX,
4:10:40 PM,48.64,135,6566.4,ASX,
4:10:40 PM,48.64,1874,91151.36,ASX,
4:10:40 PM,48.64,134,6517.76,ASX,
4:10:40 PM,48.64,82,3988.48,ASX,
4:10:40 PM,48.64,570,27724.8,ASX,
4:10:40 PM,48.64,850,41344,ASX,
4:10:40 PM,48.64,172,8366.08,ASX,
4:10:40 PM,48.64,2745,133516.8,ASX,
4:10:40 PM,48.64,1404,68290.56,ASX,
4:10:40 PM,48.64,186,9047.04,ASX,
4:10:40 PM,48.64,149,7247.36,ASX,
4:10:40 PM,48.64,45,2188.8,ASX,XT
4:10:40 PM,48.64,209,10165.76,ASX,
4:10:40 PM,48.64,1533,74565.12,ASX,
4:10:40 PM,48.64,1239,60264.96,ASX,
4:10:40 PM,48.64,1957,95188.48,ASX,
4:10:40 PM,48.64,1940,94361.6,ASX,
4:10:40 PM,48.64,914,44456.96,ASX,XT
4:10:40 PM,48.64,12,583.68,ASX,
4:10:40 PM,48.64,319,15516.16,ASX,
4:10:40 PM,48.64,8,389.12,ASX,
4:10:40 PM,48.64,624,30351.36,ASX,
4:10:40 PM,48.64,2126,103408.64,ASX,
4:10:40 PM,48.64,2487,120967.68,ASX,
4:10:40 PM,48.64,7336,356823.04,ASX,
4:10:40 PM,48.64,2,97.28,ASX,
4:10:40 PM,48.64,8879,431874.56,ASX,
4:10:40 PM,48.64,3,145.92,ASX,
4:10:40 PM,48.64,1986,96599.04,ASX,
4:10:40 PM,48.64,1441,70090.24,ASX,
4:10:40 PM,48.64,4682,227732.48,ASX,
4:10:40 PM,48.64,1109,53941.76,ASX,
4:10:40 PM,48.64,9400,457216,ASX,
4:10:40 PM,48.64,2100,102144,ASX,
4:10:40 PM,48.64,1000,48640,ASX,
4:10:40 PM,48.64,1223,59486.72,ASX,
4:10:40 PM,48.64,1000,48640,ASX,
4:10:40 PM,48.64,207,10068.48,ASX,
4:10:40 PM,48.64,1605,78067.2,ASX,
4:10:40 PM,48.64,819,39836.16,ASX,
4:10:40 PM,48.64,126,6128.64,ASX,
4:10:40 PM,48.64,29,1410.56,ASX,
4:10:40 PM,48.64,2531,123107.84,ASX,
4:10:40 PM,48.64,6,291.84,ASX,
4:10:40 PM,48.64,940,45721.6,ASX,
4:10:40 PM,48.64,2494,121308.16,ASX,
4:10:40 PM,48.64,49,2383.36,ASX,
4:10:40 PM,48.64,243,11819.52,ASX,
4:10:40 PM,48.64,66,3210.24,ASX,
4:10:40 PM,48.64,37,1799.68,ASX,
4:10:40 PM,48.64,719,34972.16,ASX,
4:10:40 PM,48.64,5404,262850.56,ASX,
4:10:40 PM,48.64,2000,97280,ASX,
4:10:40 PM,48.64,2723,132446.72,ASX,
4:10:40 PM,48.64,217,10554.88,ASX,
4:10:40 PM,48.64,2864,139304.96,ASX,
4:10:40 PM,48.64,2,97.28,ASX,
4:10:40 PM,48.64,1136,55255.04,ASX,
4:10:40 PM,48.64,1498,72862.72,ASX,
4:10:40 PM,48.64,961,46743.04,ASX,
4:10:40 PM,48.64,3,145.92,ASX,
4:10:40 PM,48.64,4,194.56,ASX,
4:10:40 PM,48.64,754,36674.56,ASX,
4:10:40 PM,48.64,1,48.64,ASX,
4:10:40 PM,48.64,1153,56081.92,ASX,
4:10:40 PM,48.64,64,3112.96,ASX,
4:10:40 PM,48.64,198,9630.72,ASX,
4:10:40 PM,48.64,7217,351034.88,ASX,
4:10:40 PM,48.64,250,12160,ASX,
4:10:40 PM,48.64,204,9922.56,ASX,
4:10:40 PM,48.64,2,97.28,ASX,
4:10:40 PM,48.64,6879,334594.56,ASX,
4:10:40 PM,48.64,717,34874.88,ASX,
4:10:40 PM,48.64,308,14981.12,ASX,
4:10:40 PM,48.64,4,194.56,ASX,XT
4:10:40 PM,48.64,1,48.64,ASX,XT
4:10:40 PM,48.64,9,437.76,ASX,XT
4:10:40 PM,48.64,441,21450.24,ASX,XT
4:10:40 PM,48.64,51,2480.64,ASX,
4:10:40 PM,48.64,22,1070.08,ASX,
4:10:40 PM,48.64,245,11916.8,ASX,
4:10:40 PM,48.64,942,45818.88,ASX,
4:10:40 PM,48.64,5106,248355.84,ASX,
4:10:40 PM,48.64,122,5934.08,ASX,
4:10:40 PM,48.64,276,13424.64,ASX,XT
4:10:40 PM,48.64,1373,66782.72,ASX,XT
4:10:40 PM,48.64,608,29573.12,ASX,XT
4:10:40 PM,48.64,135,6566.4,ASX,XT
4:10:40 PM,48.64,1000,48640,ASX,
4:10:40 PM,48.64,3483,169413.12,ASX,
4:10:40 PM,48.64,1753,85265.92,ASX,
4:10:40 PM,48.64,1830,89011.2,ASX,
4:10:40 PM,48.64,930,45235.2,ASX,
4:10:40 PM,48.64,997,48494.08,ASX,
4:10:40 PM,48.64,1058,51461.12,ASX,
4:10:40 PM,48.64,292,14202.88,ASX,
4:10:40 PM,48.64,43,2091.52,ASX,
4:10:40 PM,48.64,45,2188.8,ASX,XT
4:10:40 PM,48.64,9598,466846.72,ASX,XT
4:10:40 PM,48.64,2096,101949.44,ASX,
4:10:40 PM,48.64,2096,101949.44,ASX,
4:10:40 PM,48.64,2610,126950.4,ASX,
4:10:40 PM,48.64,54,2626.56,ASX,
4:10:40 PM,48.64,2949,143439.36,ASX,
4:10:40 PM,48.64,864,42024.96,ASX,XT
4:10:40 PM,48.64,2700,131328,ASX,XT
4:10:40 PM,48.64,41,1994.24,ASX,
4:10:40 PM,48.64,97,4718.08,ASX,
4:10:40 PM,48.64,888,43192.32,ASX,
4:10:40 PM,48.64,189,9192.96,ASX,
4:10:40 PM,48.64,1233,59973.12,ASX,
4:10:40 PM,48.64,11289,549096.96,ASX,XT
4:10:40 PM,48.64,133,6469.12,ASX,
4:10:40 PM,48.64,83,4037.12,ASX,
4:10:40 PM,48.64,4772,232110.08,ASX,
4:10:40 PM,48.64,2,97.28,ASX,
4:10:40 PM,48.64,700,34048,ASX,
4:10:40 PM,48.64,5604,272578.56,ASX,
4:10:40 PM,48.64,7273,353758.72,ASX,
4:10:40 PM,48.64,2139,104040.96,ASX,
4:10:40 PM,48.64,178,8657.92,ASX,
4:10:40 PM,48.64,41,1994.24,ASX,
4:10:40 PM,48.64,11,535.04,ASX,
4:10:40 PM,48.64,140,6809.6,ASX,
4:10:40 PM,48.64,390,18969.6,ASX,
4:10:40 PM,48.64,783,38085.12,ASX,
4:10:40 PM,48.64,39,1896.96,ASX,
4:10:40 PM,48.64,2909,141493.76,ASX,
4:10:40 PM,48.64,1129,54914.56,ASX,XT
4:10:40 PM,48.64,7,340.48,ASX,XT
4:10:40 PM,48.64,205,9971.2,ASX,XT
4:10:40 PM,48.64,3678,178897.92,ASX,XT
4:10:40 PM,48.64,110,5350.4,ASX,XT
4:10:40 PM,48.64,362,17607.68,ASX,XT
4:10:40 PM,48.64,31,1507.84,ASX,XT
4:10:40 PM,48.64,1335,64934.4,ASX,XT
4:10:40 PM,48.64,2570,125004.8,ASX,XT
4:10:40 PM,48.64,53,2577.92,ASX,XT
4:10:40 PM,48.64,134,6517.76,ASX,XT
4:10:40 PM,48.64,7,340.48,ASX,XT
4:10:40 PM,48.64,901,43824.64,ASX,
4:10:40 PM,48.64,2843,138283.52,ASX,
4:10:40 PM,48.64,35,1702.4,ASX,
4:10:40 PM,48.64,723,35166.72,ASX,
4:10:40 PM,48.64,919,44700.16,ASX,
4:10:40 PM,48.64,156,7587.84,ASX,
4:10:40 PM,48.64,504,24514.56,ASX,
4:10:40 PM,48.64,12,583.68,ASX,
4:10:40 PM,48.64,713,34680.32,ASX,
4:10:40 PM,48.64,38,1848.32,ASX,
4:10:40 PM,48.64,344,16732.16,ASX,
4:10:40 PM,48.64,344,16732.16,ASX,
4:10:40 PM,48.64,54,2626.56,ASX,
4:10:40 PM,48.64,290,14105.6,ASX,
4:10:40 PM,48.64,260,12646.4,ASX,
4:10:40 PM,48.64,84,4085.76,ASX,
4:10:40 PM,48.64,321,15613.44,ASX,
4:10:40 PM,48.64,23,1118.72,ASX,
4:10:40 PM,48.64,344,16732.16,ASX,
4:10:40 PM,48.64,27,1313.28,ASX,
4:10:40 PM,48.64,248,12062.72,ASX,
4:10:40 PM,48.64,42,2042.88,ASX,
4:10:40 PM,48.64,344,16732.16,ASX,
4:10:40 PM,48.64,88,4280.32,ASX,
4:10:40 PM,48.64,116,5642.24,ASX,
4:10:40 PM,48.64,139,6760.96,ASX,
4:10:40 PM,48.64,14,680.96,ASX,
4:10:40 PM,48.64,330,16051.2,ASX,
4:10:40 PM,48.64,83,4037.12,ASX,
4:10:40 PM,48.64,344,16732.16,ASX,
4:10:40 PM,48.64,344,16732.16,ASX,
4:10:40 PM,48.64,275,13376,ASX,
4:10:40 PM,48.64,96,4669.44,ASX,
4:10:40 PM,48.64,2750,133760,ASX,
4:10:40 PM,48.64,165,8025.6,ASX,
4:10:40 PM,48.64,14,680.96,ASX,
4:10:40 PM,48.64,165,8025.6,ASX,
4:10:40 PM,48.64,69,3356.16,ASX,
4:10:40 PM,48.64,166,8074.24,ASX,
4:10:40 PM,48.64,217,10554.88,ASX,
4:10:40 PM,48.64,227,11041.28,ASX,
4:10:40 PM,48.64,100,4864,ASX,
4:10:40 PM,48.64,1195,58124.8,ASX,
4:10:40 PM,48.64,207,10068.48,ASX,
4:10:40 PM,48.64,2387,116103.68,ASX,
4:10:40 PM,48.64,4163,202488.32,ASX,
4:10:40 PM,48.64,234,11381.76,ASX,
4:10:40 PM,48.64,123,5982.72,ASX,
4:10:40 PM,48.64,556,27043.84,ASX,XT
4:10:40 PM,48.64,31,1507.84,ASX,
3:59:56 PM,48.18,107,5155.26,ASX,
3:59:56 PM,48.18,133,6407.94,ASX,
3:59:56 PM,48.18,44,2119.92,ASX,
3:59:56 PM,48.18,1500,72270,ASX,
3:59:56 PM,48.16,65,3130.4,ASX,
3:59:56 PM,48.16,9,433.44,ASX,
3:59:56 PM,48.16,2,96.32,ASX,
3:59:56 PM,48.16,68,3274.88,ASX,
3:59:56 PM,48.16,37,1781.92,ASX,
3:59:56 PM,48.18,22,1059.96,CXA,
3:59:56 PM,48.16,4,192.64,CXA,
3:59:56 PM,48.16,4,192.64,CXA,
3:59:56 PM,48.16,5,240.8,CXA,
3:59:55 PM,48.11,32,1539.52,ASX,
3:59:55 PM,48.12,11,529.32,ASX,
3:59:55 PM,48.12,78,3753.36,ASX,
3:59:55 PM,48.16,22,1059.52,ASX,
3:59:55 PM,48.16,5,240.8,ASX,
3:59:53 PM,48.16,38,1830.08,ASX,
3:59:51 PM,48.19,25,1204.75,ASX,
3:59:51 PM,48.17,141,6791.97,ASX,
3:59:51 PM,48.17,19,915.23,ASX,
3:59:51 PM,48.17,126,6069.42,ASX,
3:59:51 PM,48.17,28,1348.76,ASX,
3:59:51 PM,48.16,365,17578.4,ASX,
3:59:51 PM,48.16,26,1252.16,ASX,
3:59:51 PM,48.16,126,6068.16,ASX,
3:59:51 PM,48.16,39,1878.24,ASX,
3:59:51 PM,48.16,6,288.96,ASX,
3:59:51 PM,48.16,42,2022.72,ASX,
3:59:51 PM,48.15,35,1685.25,ASX,
3:59:51 PM,48.15,27,1300.05,ASX,
3:59:51 PM,48.15,1,48.15,ASX,
3:59:51 PM,48.15,11,529.65,ASX,
3:59:51 PM,48.17,4,192.68,CXA,
3:59:51 PM,48.16,4,192.64,CXA,
3:59:49 PM,48.15,50,2407.5,ASX,
3:59:49 PM,48.15,3,144.45,ASX,
3:59:49 PM,48.15,10,481.5,ASX,
3:59:49 PM,48.15,31,1492.65,ASX,
3:59:49 PM,48.15,37,1781.55,ASX,
3:59:49 PM,48.15,13,625.95,ASX,
3:59:49 PM,48.16,30,1444.8,ASX,
3:59:49 PM,48.16,20,963.2,ASX,
3:59:48 PM,48.16,8,385.28,ASX,
3:59:48 PM,48.16,6,288.96,ASX,
3:59:47 PM,48.16,16,770.56,ASX,
3:59:45 PM,48.17,16,770.72,ASX,
3:59:45 PM,48.14,3,144.42,ASX,
3:59:45 PM,48.14,3,144.42,ASX,
3:59:45 PM,48.14,3,144.42,ASX,
3:59:45 PM,48.14,2,96.28,ASX,
3:59:45 PM,48.14,77,3706.78,ASX,
3:59:44 PM,48.14,20,962.8,ASX,
3:59:43 PM,48.17,15,722.55,ASX,
3:59:42 PM,48.17,3,144.51,ASX,
3:59:42 PM,48.17,16,770.72,ASX,
3:59:41 PM,48.15,3,144.45,ASX,
3:59:41 PM,48.15,3,144.45,ASX,
3:59:41 PM,48.15,26,1251.9,ASX,
3:59:41 PM,48.15,8,385.2,ASX,
3:59:41 PM,48.15,25,1203.75,ASX,
3:59:41 PM,48.15,222,10689.3,ASX,
3:59:41 PM,48.15,243,11700.45,ASX,
3:59:40 PM,48.18,5,240.9,ASX,
3:59:40 PM,48.18,8,385.44,ASX,
3:59:40 PM,48.18,119,5733.42,ASX,
3:59:40 PM,48.18,30,1445.4,ASX,
3:59:40 PM,48.18,4,192.72,ASX,
3:59:40 PM,48.18,39,1879.02,ASX,
3:59:40 PM,48.18,53,2553.54,ASX,
3:59:40 PM,48.18,5,240.9,ASX,
3:59:40 PM,48.18,50,2409,ASX,
3:59:37 PM,48.15,134,6452.1,ASX,
3:59:36 PM,48.16,6,288.96,ASX,
3:59:35 PM,48.16,25,1204,ASX,
3:59:35 PM,48.16,31,1492.96,ASX,
3:59:35 PM,48.16,15,722.4,ASX,
3:59:35 PM,48.16,22,1059.52,ASX,
3:59:30 PM,48.19,1,48.19,CXA,
3:59:25 PM,48.16,3,144.48,ASX,
3:59:25 PM,48.18,1,48.18,ASX,
3:59:24 PM,48.19,50,2409.5,ASX,
3:59:24 PM,48.2,41,1976.2,ASX,
3:59:24 PM,48.2,250,12050,ASX,
3:59:23 PM,48.2,50,2410,ASX,
3:59:21 PM,48.21,9,433.89,ASX,
3:59:21 PM,48.21,13,626.73,ASX,
3:59:21 PM,48.21,48,2314.08,ASX,
3:59:21 PM,48.21,37,1783.77,ASX,
3:59:21 PM,48.21,14,674.94,ASX,
3:59:21 PM,48.21,5,241.05,ASX,
3:59:21 PM,48.21,12,578.52,ASX,
3:59:21 PM,48.21,16,771.36,ASX,
3:59:21 PM,48.21,44,2121.24,ASX,
3:59:21 PM,48.21,1,48.21,CXA,
3:59:21 PM,48.21,1,48.21,CXA,
3:59:17 PM,48.18,4,192.72,ASX,
3:59:17 PM,48.18,238,11466.84,ASX,
3:59:17 PM,48.18,42,2023.56,ASX,
3:59:12 PM,48.21,5,241.05,ASX,
3:59:10 PM,48.21,1,48.21,ASX,
3:59:09 PM,48.19,41,1975.79,ASX,
3:59:09 PM,48.2,18,867.6,ASX,
3:59:09 PM,48.2,37,1783.4,ASX,
3:59:09 PM,48.2,35,1687,ASX,
3:59:09 PM,48.21,18,867.78,ASX,
3:59:09 PM,48.21,35,1687.35,ASX,
3:59:09 PM,48.18,22,1059.96,CXA,
3:59:09 PM,48.21,1,48.21,CXA,
3:59:05 PM,48.2,2,96.4,ASX,
3:59:05 PM,48.2,1,48.2,ASX,
3:59:05 PM,48.21,11,530.31,ASX,
3:59:05 PM,48.21,12,578.52,ASX,
3:59:05 PM,48.21,7,337.47,ASX,
3:59:04 PM,48.22,1,48.22,ASX,
3:59:04 PM,48.22,7,337.54,ASX,
3:59:04 PM,48.22,9,433.98,ASX,
3:59:04 PM,48.22,8,385.76,ASX,
3:59:04 PM,48.22,17,819.74,ASX,
3:59:04 PM,48.22,3,144.66,CXA,
3:59:04 PM,48.19,64,3084.16,ASX,
3:59:04 PM,48.19,26,1252.94,ASX,
3:59:04 PM,48.19,30,1445.7,ASX,
3:59:04 PM,48.2,28,1349.6,ASX,
3:59:04 PM,48.2,48,2313.6,ASX,
3:59:04 PM,48.2,40,1928,ASX,
3:59:04 PM,48.2,33,1590.6,ASX,
3:59:04 PM,48.2,26,1253.2,ASX,
3:59:04 PM,48.2,31,1494.2,ASX,
3:59:04 PM,48.2,8,385.6,ASX,XT
3:59:04 PM,48.2,1,48.2,ASX,XT
3:59:04 PM,48.2,32,1542.4,ASX,
3:59:04 PM,48.2,13,626.6,CXA,
3:59:04 PM,48.2,1,48.2,CXA,
3:59:03 PM,48.22,3,144.66,CXA,
3:59:03 PM,48.21,78,3760.38,ASX,
3:59:03 PM,48.21,9,433.89,ASX,
3:59:02 PM,48.21,16,771.36,ASX,
3:59:02 PM,48.22,33,1591.26,ASX,
3:59:02 PM,48.21,56,2699.76,ASX,
3:59:02 PM,48.21,8,385.68,ASX,
3:59:02 PM,48.21,31,1494.51,ASX,
3:59:02 PM,48.21,4,192.84,ASX,
3:59:02 PM,48.21,9,433.89,ASX,
3:59:02 PM,48.21,3,144.63,ASX,
3:59:01 PM,48.23,9,434.07,CXA,
3:59:01 PM,48.23,7,337.61,ASX,
3:59:01 PM,48.23,3,144.69,CXA,
3:59:01 PM,48.23,9,434.07,CXA,
3:59:00 PM,48.2,23,1108.6,ASX,
3:59:00 PM,48.21,2,96.42,ASX,
3:59:00 PM,48.22,46,2218.12,ASX,
3:59:00 PM,48.22,4,192.88,ASX,
3:59:00 PM,48.225,5,241.125,CXA,NX XT
3:59:00 PM,48.21,21,1012.41,CXA,
3:59:00 PM,48.21,27,1301.67,CXA,
3:58:59 PM,48.21,6,289.26,ASX,
3:58:59 PM,48.21,17,819.57,ASX,
3:58:59 PM,48.21,5,241.05,ASX,
3:58:59 PM,48.21,19,915.99,ASX,
3:58:58 PM,48.21,34,1639.14,ASX,
3:58:58 PM,48.21,1,48.21,CXA,
3:58:56 PM,48.2,1,48.2,ASX,
3:58:56 PM,48.19,27,1301.13,ASX,
3:58:56 PM,48.19,5,240.95,ASX,
3:58:56 PM,48.19,7,337.33,ASX,
3:58:56 PM,48.19,26,1252.94,ASX,
3:58:56 PM,48.19,4,192.76,ASX,
3:58:56 PM,48.19,43,2072.17,ASX,
3:58:55 PM,48.19,50,2409.5,ASX,
3:58:54 PM,48.19,26,1252.94,ASX,
3:58:52 PM,48.18,6,289.08,ASX,
3:58:50 PM,48.18,45,2168.1,ASX,
3:58:50 PM,48.18,5,240.9,ASX,
3:58:50 PM,48.18,46,2216.28,ASX,
3:58:50 PM,48.18,1,48.18,ASX,
3:58:50 PM,48.16,4,192.64,ASX,
3:58:49 PM,48.16,21,1011.36,ASX,
3:58:49 PM,48.155,25,1203.875,CXA,NX XT
3:58:49 PM,48.14,8,385.12,ASX,
3:58:49 PM,48.14,43,2070.02,ASX,
3:58:49 PM,48.14,2,96.28,CXA,
3:58:46 PM,48.13,2,96.26,ASX,
3:58:46 PM,48.13,14,673.82,ASX,
3:58:46 PM,48.13,1,48.13,CXA,
3:58:46 PM,48.13,3,144.39,ASX,
3:58:46 PM,48.13,9,433.17,ASX,
3:58:46 PM,48.13,14,673.82,ASX,
3:58:46 PM,48.13,10,481.3,ASX,
3:58:46 PM,48.13,35,1684.55,ASX,
3:58:46 PM,48.15,4,192.6,ASX,
3:58:46 PM,48.13,28,1347.64,ASX,
3:58:46 PM,48.13,25,1203.25,ASX,
3:58:46 PM,48.13,35,1684.55,ASX,
3:58:46 PM,48.13,7,336.91,ASX,
3:58:46 PM,48.13,8,385.04,ASX,
3:58:41 PM,48.125,2308,111072.5,ASX,CXXT
3:58:37 PM,48.13,3,144.39,ASX,
3:58:37 PM,48.13,6,288.78,ASX,
3:58:37 PM,48.13,2,96.26,ASX,XT
3:58:37 PM,48.13,2,96.26,ASX,XT
3:58:37 PM,48.13,29,1395.77,ASX,
3:58:37 PM,48.13,1,48.13,CXA,
3:58:37 PM,48.12,1,48.12,CXA,
3:58:33 PM,48.13,16,770.08,ASX,
3:58:32 PM,48.15,5,240.75,ASX,
3:58:32 PM,48.12,3,144.36,ASX,
3:58:32 PM,48.14,21,1010.94,ASX,
3:58:32 PM,48.13,26,1251.38,ASX,
3:58:32 PM,48.12,53,2550.36,ASX,
3:58:32 PM,48.12,27,1299.24,ASX,
3:58:32 PM,48.12,1,48.12,ASX,
3:58:32 PM,48.14,10,481.4,ASX,
3:58:32 PM,48.14,14,673.96,ASX,
3:58:32 PM,48.14,29,1396.06,ASX,
3:58:32 PM,48.14,46,2214.44,ASX,
3:58:31 PM,48.14,9,433.26,ASX,
3:58:31 PM,48.13,50,2406.5,ASX,
3:58:31 PM,48.12,25,1203,ASX,
3:58:31 PM,48.13,26,1251.38,ASX,
3:58:31 PM,48.13,51,2454.63,ASX,
3:58:31 PM,48.12,7,336.84,ASX,
3:58:31 PM,48.12,15,721.8,ASX,
3:58:31 PM,48.12,23,1106.76,ASX,XT
3:58:31 PM,48.12,12,577.44,ASX,
3:58:31 PM,48.12,53,2550.36,ASX,
3:58:31 PM,48.12,5,240.6,ASX,
3:58:29 PM,48.11,1,48.11,ASX,
3:58:29 PM,48.11,3,144.33,ASX,
3:58:29 PM,48.11,12,577.32,ASX,
3:58:29 PM,48.11,6,288.66,ASX,
3:58:29 PM,48.11,2,96.22,ASX,
3:58:28 PM,48.11,10,481.1,ASX,
3:58:24 PM,48.12,10,481.2,ASX,
3:58:24 PM,48.12,6,288.72,ASX,
3:58:22 PM,48.12,2,96.24,CXA,
3:58:19 PM,48.12,24,1154.88,ASX,
3:58:19 PM,48.12,4,192.48,ASX,
3:58:19 PM,48.12,22,1058.64,ASX,
3:58:18 PM,48.11,6,288.66,ASX,
3:58:18 PM,48.11,1,48.11,ASX,
3:58:18 PM,48.11,5,240.55,ASX,
3:58:18 PM,48.11,3,144.33,ASX,
3:58:18 PM,48.11,1,48.11,ASX,
3:58:18 PM,48.11,8,384.88,ASX,
3:58:18 PM,48.11,3,144.33,ASX,
3:58:18 PM,48.11,5,240.55,ASX,
3:58:18 PM,48.11,50,2405.5,ASX,
3:58:14 PM,48.1,7,336.7,ASX,
3:58:14 PM,48.11,34,1635.74,CXA,NX XT
3:58:13 PM,48.1,57,2741.7,ASX,
3:58:13 PM,48.1,6,288.6,ASX,
3:58:13 PM,48.1,10,481,ASX,
3:58:13 PM,48.1,620,29822,ASX,
3:58:13 PM,48.1,1,48.1,CXA,
3:58:13 PM,48.1,3,144.3,CXA,
3:58:12 PM,48.1,70,3367,ASX,
3:58:12 PM,48.1,30,1443,ASX,
3:58:12 PM,48.1,43,2068.3,ASX,
3:58:12 PM,48.1,26,1250.6,ASX,
3:58:12 PM,48.1,42,2020.2,ASX,
3:58:12 PM,48.11,74,3560.14,ASX,
3:58:12 PM,48.11,19,914.09,ASX,
3:58:12 PM,48.11,3,144.33,ASX,
3:58:12 PM,48.11,15,721.65,ASX,
3:58:12 PM,48.11,13,625.43,CXA,
3:58:11 PM,48.13,3,144.39,ASX,
3:58:11 PM,48.12,9,433.08,ASX,
3:58:11 PM,48.12,6,288.72,ASX,
3:58:10 PM,48.12,5,240.6,ASX,
3:58:09 PM,48.11,24,1154.64,ASX,
3:58:09 PM,48.13,50,2406.5,ASX,
3:58:09 PM,48.12,11,529.32,ASX,
3:58:09 PM,48.12,39,1876.68,ASX,
3:58:09 PM,48.12,27,1299.24,ASX,
3:58:09 PM,48.12,66,3175.92,ASX,
3:58:09 PM,48.12,5,240.6,CXA,
3:58:08 PM,48.11,7,336.77,ASX,
3:58:07 PM,48.11,4,192.44,ASX,
3:58:07 PM,48.11,2,96.22,ASX,
3:58:07 PM,48.11,26,1250.86,ASX,
3:58:07 PM,48.11,39,1876.29,ASX,
3:58:07 PM,48.11,5,240.55,ASX,
3:58:07 PM,48.11,19,914.09,ASX,
3:58:07 PM,48.11,8,384.88,ASX,
3:58:06 PM,48.1,45,2164.5,ASX,
3:58:06 PM,48.1,41,1972.1,ASX,
3:58:06 PM,48.105,28,1346.94,CXA,NX XT
3:58:06 PM,48.1,47,2260.7,ASX,
3:58:06 PM,48.1,3,144.3,ASX,
3:58:06 PM,48.1,24,1154.4,ASX,
3:58:06 PM,48.105,41,1972.305,CXA,NX XT
3:58:06 PM,48.1,1,48.1,CXA,
3:58:06 PM,48.1,20,962,CXA,
3:58:06 PM,48.1,5,240.5,CXA,
3:58:05 PM,48.095,59,2837.605,ASX,CXXT
3:58:04 PM,48.1,28,1346.8,ASX,
3:58:02 PM,48.1,2,96.2,ASX,
3:58:01 PM,48.095,50,2404.75,CXA,NX XT
3:58:01 PM,48.095,113,5434.735,CXA,NX XT
3:58:01 PM,48.09,1,48.09,ASX,
3:58:01 PM,48.1,2,96.2,ASX,
3:58:00 PM,48.095,36,1731.42,ASX,CXXT
3:58:00 PM,48.095,5,240.475,CXA,NX XT
3:58:00 PM,48.1,27,1298.7,ASX,
3:57:59 PM,48.095,156,7502.82,CXA,NX XT
3:57:59 PM,48.095,101,4857.595,ASX,CXXT
3:57:58 PM,48.09,18,865.62,ASX,
3:57:58 PM,48.1,46,2212.6,ASX,
3:57:58 PM,48.1,15,721.5,ASX,
3:57:58 PM,48.1,33,1587.3,ASX,
3:57:58 PM,48.1,14,673.4,ASX,
3:57:58 PM,48.1,4,192.4,ASX,
3:57:58 PM,48.1,20,962,CXA,
3:57:57 PM,48.09,30,1442.7,CXA,NX XT
3:57:57 PM,48.09,73,3510.57,ASX,
3:57:57 PM,48.09,17,817.53,ASX,
3:57:57 PM,48.09,30,1442.7,ASX,
3:57:57 PM,48.09,3,144.27,ASX,
3:57:57 PM,48.09,22,1057.98,ASX,
3:57:57 PM,48.09,2,96.18,CXA,
3:57:56 PM,48.06,1,48.06,CXA,
3:57:55 PM,48.06,14,672.84,ASX,
3:57:55 PM,48.07,46,2211.22,ASX,
3:57:53 PM,48.07,9,432.63,ASX,
3:57:53 PM,48.08,3,144.24,ASX,
3:57:53 PM,48.07,46,2211.22,ASX,
3:57:52 PM,48.08,12,576.96,ASX,
3:57:52 PM,48.08,46,2211.68,ASX,
3:57:52 PM,48.08,11,528.88,ASX,
3:57:52 PM,48.08,1,48.08,ASX,
3:57:51 PM,48.09,24,1154.16,ASX,NXXT
3:57:51 PM,48.1,11,529.1,ASX,
3:57:51 PM,48.1,20,962,ASX,
3:57:51 PM,48.1,59,2837.9,ASX,
3:57:51 PM,48.1,50,2405,ASX,
3:57:51 PM,48.1,3,144.3,CXA,
3:57:51 PM,48.1,1,48.1,CXA,
3:57:51 PM,48.1,6,288.6,CXA,
3:57:51 PM,48.085,47,2259.995,ASX,NXXT
3:57:48 PM,48.085,58,2788.93,ASX,NXXT
3:57:47 PM,48.085,34,1634.89,ASX,NXXT
3:57:47 PM,48.085,1,48.085,ASX,NXXT
3:57:47 PM,48.11,5,240.55,ASX,
3:57:47 PM,48.11,50,2405.5,ASX,
3:57:38 PM,48.08,77,3702.16,ASX,
3:57:38 PM,48.09,28,1346.52,ASX,
3:57:38 PM,48.09,17,817.53,ASX,
3:57:38 PM,48.09,77,3702.93,ASX,
3:57:38 PM,48.1,3,144.3,ASX,
3:57:38 PM,48.1,55,2645.5,ASX,
3:57:38 PM,48.1,44,2116.4,ASX,
3:57:38 PM,48.1,26,1250.6,ASX,
3:57:38 PM,48.1,5,240.5,ASX,
3:57:38 PM,48.1,41,1972.1,ASX,
3:57:38 PM,48.1,48,2308.8,ASX,
3:57:38 PM,48.1,24,1154.4,ASX,
3:57:38 PM,48.1,28,1346.8,ASX,
3:57:38 PM,48.1,6,288.6,ASX,
3:57:38 PM,48.1,10,481,ASX,
3:57:37 PM,48.12,2,96.24,CXA,
3:57:37 PM,48.11,8,384.88,ASX,
3:57:37 PM,48.11,74,3560.14,ASX,
3:57:37 PM,48.11,26,1250.86,ASX,
3:57:37 PM,48.11,9,432.99,ASX,
3:57:37 PM,48.11,37,1780.07,ASX,
3:57:37 PM,48.11,15,721.65,ASX,
3:57:36 PM,48.12,1,48.12,CXA,
3:57:35 PM,48.11,13,625.43,ASX,
3:57:31 PM,48.11,5,240.55,ASX,
3:57:31 PM,48.11,50,2405.5,ASX,
3:57:31 PM,48.12,3,144.36,ASX,
3:57:31 PM,48.11,27,1298.97,ASX,
3:57:31 PM,48.1,31,1491.1,CXA,
3:57:31 PM,48.1,3,144.3,ASX,
3:57:30 PM,48.1,28,1346.8,ASX,
3:57:30 PM,48.1,1,48.1,ASX,
3:57:30 PM,48.1,3,144.3,ASX,
3:57:30 PM,48.1,28,1346.8,ASX,
3:57:30 PM,48.1,13,625.3,ASX,
3:57:30 PM,48.09,29,1394.61,ASX,CXXT
3:57:30 PM,48.11,6,288.66,ASX,
3:57:30 PM,48.11,357,17175.27,ASX,
3:57:30 PM,48.1,11,529.1,ASX,
3:57:30 PM,48.1,10,481,ASX,
3:57:30 PM,48.1,12,577.2,ASX,
3:57:30 PM,48.1,8,384.8,ASX,
3:57:30 PM,48.1,2,96.2,ASX,
3:57:30 PM,48.1,62,2982.2,ASX,
3:57:29 PM,48.1,1,48.1,ASX,
3:57:24 PM,48.07,42,2018.94,ASX,
3:57:22 PM,48.07,1,48.07,ASX,
3:57:22 PM,48.08,12,576.96,ASX,
3:57:20 PM,48.08,20,961.6,ASX,
3:57:20 PM,48.08,46,2211.68,ASX,
3:57:20 PM,48.12,168,8084.16,ASX,
3:57:20 PM,48.12,50,2406,ASX,
3:57:20 PM,48.11,71,3415.81,ASX,
3:57:20 PM,48.11,300,14433,ASX,
3:57:20 PM,48.11,6,288.66,ASX,
3:57:20 PM,48.1,34,1635.4,ASX,
3:57:20 PM,48.1,13,625.3,ASX,
3:57:20 PM,48.1,50,2405,ASX,
3:57:20 PM,48.08,9,432.72,ASX,
3:57:20 PM,48.08,17,817.36,ASX,
3:57:20 PM,48.08,68,3269.44,ASX,
3:57:20 PM,48.08,21,1009.68,ASX,
3:57:20 PM,48.08,6,288.48,ASX,
3:57:20 PM,48.08,3,144.24,CXA,
3:57:20 PM,48.08,1,48.08,CXA,
3:57:20 PM,48.07,3,144.21,ASX,CXXT
3:57:20 PM,48.07,180,8652.6,ASX,CXXT
3:57:18 PM,48.07,50,2403.5,ASX,CXXT
3:57:17 PM,48.07,50,2403.5,ASX,
3:57:16 PM,48.08,37,1778.96,ASX,
3:57:16 PM,48.08,103,4952.24,ASX,
3:57:16 PM,48.08,31,1490.48,ASX,
3:57:16 PM,48.08,54,2596.32,ASX,
3:57:16 PM,48.07,46,2211.22,ASX,
3:57:16 PM,48.06,18,865.08,ASX,
3:57:16 PM,48.06,9,432.54,ASX,
3:57:16 PM,48.06,27,1297.62,ASX,
3:57:16 PM,48.05,20,961,ASX,
3:57:16 PM,48.05,16,768.8,ASX,
3:57:16 PM,48.05,33,1585.65,ASX,
3:57:16 PM,48.05,66,3171.3,ASX,
3:57:16 PM,48.05,1,48.05,CXA,
3:57:16 PM,48.05,2,96.1,CXA,
3:57:15 PM,48.04,9,432.36,ASX,
3:57:15 PM,48.04,1,48.04,ASX,
3:57:15 PM,48.04,18,864.72,ASX,XT
3:57:15 PM,48.04,1,48.04,ASX,
3:57:15 PM,48.04,5,240.2,ASX,
3:57:15 PM,48.04,2,96.08,ASX,
3:57:14 PM,48.04,3,144.12,ASX,NXXT
3:57:14 PM,48.04,3,144.12,ASX,
3:57:14 PM,48.04,13,624.52,ASX,
3:57:14 PM,48.04,32,1537.28,ASX,
3:57:14 PM,48.04,7,336.28,ASX,
3:57:14 PM,48.04,33,1585.32,ASX,
3:57:11 PM,48.04,10,480.4,ASX,
3:57:10 PM,48.03,4,192.12,ASX,
3:57:10 PM,48.04,1,48.04,ASX,
3:57:10 PM,48.04,32,1537.28,ASX,
3:57:09 PM,48.04,16,768.64,ASX,
3:57:06 PM,48.02,50,2401,ASX,
3:57:04 PM,48.02,1,48.02,ASX,
3:57:03 PM,48.01,20,960.2,ASX,
3:57:03 PM,48.01,41,1968.41,ASX,
3:57:03 PM,48.01,32,1536.32,ASX,
3:57:03 PM,48.02,22,1056.44,ASX,
3:57:03 PM,48.01,4,192.04,CXA,
3:57:03 PM,48.01,33,1584.33,ASX,
3:57:03 PM,48.02,46,2208.92,ASX,
3:57:03 PM,48.01,8,384.08,ASX,
3:57:03 PM,48.01,46,2208.46,ASX,
3:57:03 PM,48.02,46,2208.92,ASX,
3:57:03 PM,48.03,39,1873.17,ASX,
3:57:02 PM,48.07,5,240.35,ASX,
3:57:02 PM,48.06,225,10813.5,ASX,
3:57:02 PM,48.06,69,3316.14,ASX,
3:57:02 PM,48.06,50,2403,ASX,
3:57:02 PM,48.05,70,3363.5,ASX,
3:57:02 PM,48.05,330,15856.5,ASX,
3:57:02 PM,48.04,25,1201,ASX,
3:57:02 PM,48.04,45,2161.8,ASX,
3:57:02 PM,48.04,50,2402,ASX,
3:57:02 PM,48.03,9,432.27,ASX,
3:57:02 PM,48.03,26,1248.78,ASX,
3:57:02 PM,48.02,30,1440.6,ASX,
3:57:02 PM,48.02,100,4802,ASX,
3:57:02 PM,48.02,29,1392.58,ASX,
3:57:02 PM,48.02,24,1152.48,ASX,
3:57:02 PM,48.02,27,1296.54,ASX,
3:57:02 PM,48.02,56,2689.12,ASX,
3:57:02 PM,48.02,316,15174.32,ASX,
3:57:02 PM,48.02,10,480.2,ASX,
3:57:02 PM,48.02,37,1776.74,ASX,
3:57:02 PM,48.02,1,48.02,ASX,
3:57:02 PM,48.02,392,18823.84,ASX,
3:57:02 PM,48.01,3,144.03,ASX,
3:57:02 PM,48.01,3,144.03,ASX,
3:57:02 PM,48.01,15,720.15,ASX,
3:57:02 PM,48.01,72,3456.72,ASX,
3:57:02 PM,48.01,20,960.2,ASX,
3:57:02 PM,48,50,2400,ASX,
3:57:02 PM,48.07,88,4230.16,CXA,
3:57:02 PM,48.02,12,576.24,CXA,
3:57:02 PM,48.01,1,48.01,CXA,
3:57:02 PM,48.01,9,432.09,CXA,
3:57:02 PM,48.01,1,48.01,CXA,
3:57:02 PM,47.99,147,7054.53,ASX,
3:57:02 PM,47.99,10,479.9,CXA,
3:57:01 PM,48,3,144,ASX,
3:57:00 PM,48.005,3,144.015,ASX,NXXT
3:57:00 PM,48,13,624,ASX,
3:57:00 PM,48,3,144,ASX,NXXT
3:57:00 PM,48,2,96,ASX,
3:57:00 PM,48,74,3552,ASX,
3:57:00 PM,48,174,8352,ASX,
3:57:00 PM,48,1042,50016,ASX,
3:56:59 PM,48,100,4800,ASX,
3:56:59 PM,48,12,576,CXA,
3:56:59 PM,48,11,528,CXA,
3:56:59 PM,48.005,20,960.1,CXA,NX XT
3:56:58 PM,48.01,2,96.02,ASX,
3:56:57 PM,48.01,1,48.01,ASX,
3:56:57 PM,48.01,21,1008.21,ASX,
3:56:57 PM,48.01,12,576.12,ASX,
3:56:57 PM,48.01,45,2160.45,ASX,
3:56:57 PM,48.01,1,48.01,ASX,
3:56:57 PM,48.01,2,96.02,ASX,
3:56:57 PM,48.01,3,144.03,ASX,
3:56:57 PM,48.01,40,1920.4,ASX,
3:56:57 PM,48.01,27,1296.27,ASX,
3:56:57 PM,48.01,8,384.08,ASX,
3:56:57 PM,48.01,31,1488.31,ASX,
3:56:57 PM,48.01,91,4368.91,ASX,
3:56:57 PM,48.01,21,1008.21,ASX,
3:56:57 PM,48.01,23,1104.23,ASX,
3:56:57 PM,48.01,75,3600.75,ASX,
3:56:57 PM,48.01,21,1008.21,ASX,
3:56:57 PM,48.01,41,1968.41,ASX,
3:56:57 PM,48.005,4,192.02,ASX,NXXT
3:56:53 PM,48.005,7,336.035,ASX,NXXT
3:56:51 PM,48,30,1440,ASX,
3:56:45 PM,48.01,2,96.02,ASX,
3:56:45 PM,48.01,1,48.01,ASX,
3:56:45 PM,48,143,6864,ASX,CXXT
3:56:45 PM,48,351,16848,ASX,CXXT
3:56:41 PM,48,70,3360,ASX,
3:56:41 PM,48,20,960,ASX,
3:56:41 PM,48,24,1152,ASX,
3:56:41 PM,48,16,768,ASX,
3:56:41 PM,48,221,10608,ASX,
3:56:41 PM,48,30,1440,ASX,
3:56:41 PM,48,151,7248,ASX,
3:56:41 PM,48,449,21552,ASX,
3:56:41 PM,48,34,1632,ASX,
3:56:41 PM,48,12,576,ASX,
3:56:41 PM,48,64,3072,ASX,
3:56:41 PM,48,34,1632,ASX,
3:56:41 PM,48,23,1104,ASX,
3:56:41 PM,48,137,6576,ASX,
3:56:41 PM,48.005,1,48.005,ASX,CXXT
3:56:41 PM,48,12,576,CXA,
3:56:40 PM,48.005,30,1440.15,ASX,CXXT
3:56:39 PM,48.005,2,96.01,ASX,NXXT
3:56:39 PM,48.005,3,144.015,ASX,NXXT
3:56:39 PM,48.01,2,96.02,ASX,
3:56:39 PM,48.01,8,384.08,ASX,
3:56:39 PM,48.01,12,576.12,CXA,
3:56:39 PM,48.01,12,576.12,CXA,
3:56:39 PM,48.01,1,48.01,ASX,
3:56:38 PM,48.01,1,48.01,ASX,
3:56:38 PM,48.01,2,96.02,ASX,
3:56:38 PM,48.015,5,240.075,CXA,NX XT
3:56:37 PM,48.015,3,144.045,ASX,NXXT
3:56:37 PM,48.015,631,30297.465,ASX,CXXT
3:56:37 PM,48.01,102,4897.02,ASX,
3:56:37 PM,48.01,1,48.01,ASX,
3:56:37 PM,48.01,25,1200.25,ASX,
3:56:37 PM,48.01,62,2976.62,ASX,
3:56:37 PM,48.01,178,8545.78,ASX,
3:56:37 PM,48.01,55,2640.55,ASX,
3:56:37 PM,48.01,77,3696.77,ASX,
3:56:35 PM,48.015,3,144.045,ASX,NXXT
3:56:32 PM,48.015,49,2352.735,ASX,CXXT
3:56:32 PM,48.015,135,6482.025,ASX,CXXT
3:56:32 PM,48.015,3,144.045,ASX,NXXT
3:56:29 PM,48.015,3,144.045,ASX,NXXT
3:56:27 PM,48.015,608,29193.12,ASX,CXXT
3:56:25 PM,48.015,4,192.06,ASX,NXXT
3:56:25 PM,48.01,4,192.04,ASX,
3:56:24 PM,48.015,3,144.045,ASX,NXXT
3:56:23 PM,48.015,1,48.015,ASX,NXXT
3:56:23 PM,48.015,100,4801.5,ASX,CXXT
3:56:21 PM,48.02,1,48.02,ASX,
3:56:21 PM,48.02,3,144.06,ASX,
3:56:21 PM,48.01,19,912.19,ASX,
3:56:21 PM,48.01,29,1392.29,ASX,
3:56:21 PM,48.01,6,288.06,ASX,
3:56:21 PM,48.01,12,576.12,ASX,
3:56:21 PM,48.015,1,48.015,ASX,CXXT
3:56:20 PM,48.015,4,192.06,ASX,NXXT
3:56:20 PM,48.015,4,192.06,ASX,NXXT
3:56:20 PM,48.02,53,2545.06,ASX,
3:56:20 PM,48.02,2,96.04,ASX,
3:56:20 PM,48.02,3,144.06,ASX,
3:56:20 PM,48.02,46,2208.92,ASX,
3:56:20 PM,48.02,6,288.12,ASX,
3:56:18 PM,48.02,54,2593.08,ASX,
3:56:18 PM,48.02,4,192.08,ASX,
3:56:17 PM,48.02,8,384.16,ASX,
3:56:17 PM,48.02,3,144.06,ASX,
3:56:17 PM,48.02,6,288.12,ASX,
3:56:17 PM,48.02,3,144.06,ASX,
3:56:17 PM,48,22,1056,ASX,
3:56:17 PM,48,38,1824,ASX,
3:56:17 PM,48.02,3,144.06,ASX,
3:56:16 PM,48.015,178,8546.67,CXA,NX XT
3:56:15 PM,48.015,4,192.06,ASX,NXXT
3:56:15 PM,48.015,6,288.09,ASX,CXXT
3:56:15 PM,48.02,13,624.26,ASX,
3:56:15 PM,48.02,58,2785.16,ASX,XT
3:56:15 PM,48.02,44,2112.88,ASX,
3:56:15 PM,48.02,13,624.26,ASX,
3:56:15 PM,48.01,50,2400.5,ASX,CXXT
3:56:15 PM,48.02,5,240.1,ASX,
3:56:14 PM,48.02,2,96.04,ASX,
3:56:14 PM,48.02,5,240.1,ASX,
3:56:14 PM,48.02,36,1728.72,ASX,
3:56:14 PM,48.02,44,2112.88,ASX,
3:56:13 PM,48.02,4,192.08,ASX,
3:56:13 PM,48.03,18,864.54,ASX,
3:56:13 PM,48.03,29,1392.87,ASX,
3:56:13 PM,48.03,65,3121.95,ASX,
3:56:13 PM,48.03,14,672.42,ASX,
3:56:13 PM,48.02,77,3697.54,ASX,
3:56:13 PM,48.02,1,48.02,ASX,
3:56:13 PM,48.02,22,1056.44,ASX,
3:56:13 PM,48.02,13,624.26,ASX,
3:56:13 PM,48.02,16,768.32,ASX,
3:56:12 PM,48.03,16,768.48,ASX,
3:56:12 PM,48.03,33,1584.99,ASX,
3:56:12 PM,48.025,1,48.025,ASX,CXXT
3:56:12 PM,48.02,2,96.04,ASX,
3:56:12 PM,48.02,23,1104.46,ASX,
3:56:12 PM,48.02,17,816.34,ASX,
3:56:12 PM,48.02,80,3841.6,CXA,
3:56:12 PM,48.02,7,336.14,ASX,
3:56:12 PM,48.02,5,240.1,ASX,
3:56:11 PM,48.02,3,144.06,CXA,
3:56:11 PM,48.02,2,96.04,CXA,
3:56:11 PM,48.01,170,8161.7,ASX,CXXT
3:56:10 PM,48.01,1,48.01,ASX,
3:56:10 PM,48.01,13,624.13,ASX,
3:56:10 PM,48.01,9,432.09,ASX,
3:56:10 PM,48.01,20,960.2,ASX,
3:56:10 PM,48.01,7,336.07,ASX,
3:56:09 PM,48.015,3,144.045,ASX,NXXT
3:56:07 PM,48.02,23,1104.46,CXA,NX XT
3:56:04 PM,48.01,1,48.01,ASX,
3:56:04 PM,48.01,4,192.04,ASX,
3:56:04 PM,48.015,4,192.06,ASX,NXXT
3:56:02 PM,48.015,1,48.015,ASX,CXXT
3:56:02 PM,48.01,10,480.1,ASX,
3:56:02 PM,48.01,2,96.02,ASX,
3:56:00 PM,48.01,7,336.07,ASX,
3:56:00 PM,48.01,24,1152.24,ASX,
3:56:00 PM,48.01,35,1680.35,ASX,
3:55:59 PM,48.02,5,240.1,ASX,NXXT
3:55:55 PM,48.01,71,3408.71,ASX,
3:55:55 PM,48.01,45,2160.45,ASX,
3:55:55 PM,48.02,34,1632.68,ASX,
3:55:55 PM,48.02,8,384.16,ASX,
3:55:55 PM,48.02,3,144.06,ASX,
3:55:55 PM,48.01,11,528.11,CXA,NX XT
3:55:55 PM,48.01,11,528.11,CXA,NX XT
3:55:55 PM,48.03,4,192.12,ASX,
3:55:55 PM,48.02,20,960.4,ASX,
3:55:55 PM,48.02,15,720.3,ASX,
3:55:55 PM,48.01,28,1344.28,ASX,
3:55:55 PM,48.01,13,624.13,ASX,
3:55:55 PM,48.01,24,1152.24,ASX,
3:55:55 PM,48.01,24,1152.24,ASX,
3:55:55 PM,48.01,28,1344.28,ASX,
3:55:55 PM,48.01,9,432.09,ASX,
3:55:55 PM,48.01,58,2784.58,ASX,
3:55:55 PM,48.01,59,2832.59,ASX,
3:55:55 PM,48.01,12,576.12,ASX,
3:55:55 PM,48,35,1680,ASX,
3:55:55 PM,48,25,1200,ASX,
3:55:55 PM,48,30,1440,ASX,
3:55:55 PM,48,3,144,ASX,
3:55:55 PM,48,28,1344,ASX,
3:55:55 PM,48,60,2880,ASX,
3:55:55 PM,48,12,576,ASX,
3:55:55 PM,48,35,1680,ASX,
3:55:55 PM,48,8,384,ASX,
3:55:55 PM,48,27,1296,ASX,
3:55:55 PM,48.03,8,384.24,CXA,
3:55:55 PM,48.01,6,288.06,CXA,
3:55:55 PM,48,14,672,CXA,
3:55:55 PM,48,1,48,CXA,
3:55:55 PM,48,1,48,CXA,
3:55:55 PM,47.99,4,191.96,ASX,CXXT
3:55:55 PM,47.99,209,10029.91,ASX,CXXT
3:55:52 PM,47.99,4,191.96,ASX,NXXT
3:55:51 PM,47.99,3,143.97,ASX,NXXT
3:55:49 PM,48,11,528,ASX,
3:55:47 PM,48,12,576,ASX,
3:55:46 PM,47.99,12,575.88,ASX,
3:55:46 PM,47.99,7,335.93,ASX,
3:55:46 PM,47.99,4,191.96,ASX,
3:55:46 PM,47.99,6,287.94,ASX,
3:55:46 PM,47.99,38,1823.62,ASX,
3:55:46 PM,47.99,60,2879.4,ASX,
3:55:46 PM,47.99,29,1391.71,ASX,
3:55:46 PM,47.99,35,1679.65,ASX,
3:55:46 PM,47.99,35,1679.65,ASX,
3:55:46 PM,47.99,31,1487.69,ASX,
3:55:46 PM,47.99,30,1439.7,ASX,
3:55:46 PM,47.99,81,3887.19,ASX,
3:55:46 PM,47.99,106,5086.94,ASX,
3:55:46 PM,47.99,13,623.87,CXA,
3:55:46 PM,47.99,1,47.99,CXA,
3:55:46 PM,47.99,9,431.91,CXA,
3:55:46 PM,48,11,528,ASX,
3:55:45 PM,48,3,144,ASX,NXXT
3:55:45 PM,48,2483,119184,ASX,CXXT
3:55:45 PM,48,20,960,ASX,
3:55:45 PM,48,1,48,ASX,
3:55:45 PM,48,2,96,ASX,
3:55:43 PM,48.005,4,192.02,ASX,NXXT
3:55:43 PM,48,3,144,ASX,
3:55:42 PM,48.005,4,192.02,ASX,NXXT
3:55:42 PM,48,1,48,ASX,
3:55:41 PM,48,1,48,ASX,
3:55:41 PM,48,5,240,ASX,
3:55:41 PM,48,1,48,CXA,
3:55:41 PM,48,3,144,ASX,
3:55:41 PM,48,2,96,CXA,
3:55:41 PM,48,6,288,ASX,
3:55:41 PM,48,3,144,ASX,
3:55:40 PM,48,12,576,ASX,
3:55:40 PM,48,8,384,ASX,
3:55:40 PM,48,13,624,ASX,
3:55:40 PM,48,39,1872,ASX,
3:55:40 PM,48,1,48,ASX,
3:55:40 PM,48,1,48,ASX,
3:55:40 PM,48,12,576,ASX,
3:55:40 PM,48,13,624,ASX,
3:55:40 PM,48,29,1392,ASX,
3:55:40 PM,48,3,144,ASX,
3:55:40 PM,48,1,48,ASX,
3:55:37 PM,48.005,3,144.015,ASX,NXXT
3:55:35 PM,48.005,3,144.015,ASX,NXXT
3:55:33 PM,48.005,3000,144015,ASX,CXXT
3:55:30 PM,48.005,3,144.015,ASX,NXXT
3:55:29 PM,48.005,500,24002.5,ASX,CXXT
3:55:27 PM,48.005,3,144.015,ASX,NXXT
3:55:26 PM,48.005,28,1344.14,ASX,CXXT
3:55:24 PM,48.005,243,11665.215,CXA,NX XT
3:55:23 PM,48.005,4,192.02,ASX,NXXT
3:55:23 PM,48.005,4,192.02,ASX,NXXT
3:55:23 PM,48.005,200,9601,ASX,CXXT
3:55:22 PM,48.01,1,48.01,ASX,
3:55:21 PM,48.005,2,96.01,ASX,NXXT
3:55:19 PM,48.01,7,336.07,ASX,
3:55:19 PM,48.01,2,96.02,ASX,
3:55:19 PM,48.01,5,240.05,ASX,
3:55:19 PM,48.005,3,144.015,ASX,CXXT
3:55:19 PM,48,11,528,ASX,
3:55:19 PM,48,11,528,ASX,
3:55:18 PM,48.01,1,48.01,ASX,XT
3:55:16 PM,48.005,104,4992.52,ASX,CXXT
3:55:16 PM,48,1,48,ASX,XT
3:55:16 PM,48,2,96,ASX,
3:55:16 PM,48,11,528,ASX,
3:55:16 PM,48,9,432,ASX,
3:55:16 PM,48,1,48,ASX,
3:55:16 PM,48,12,576,ASX,
3:55:16 PM,48,33,1584,ASX,
3:55:16 PM,48.01,5,240.05,ASX,
3:55:16 PM,48.01,2,96.02,ASX,
3:55:16 PM,48.01,31,1488.31,ASX,
3:55:16 PM,48.01,27,1296.27,ASX,
3:55:16 PM,48.005,3,144.015,ASX,CXXT
3:55:09 PM,48,3,144,ASX,
3:55:09 PM,48.005,155,7440.775,ASX,CXXT
3:55:09 PM,48.01,52,2496.52,ASX,
3:55:09 PM,48.01,3,144.03,ASX,
3:55:08 PM,48.01,21,1008.21,ASX,
3:55:08 PM,48.01,19,912.19,ASX,
3:55:08 PM,48.01,1,48.01,ASX,
3:55:08 PM,48.01,22,1056.22,ASX,
3:55:08 PM,48.01,1,48.01,ASX,
3:55:08 PM,48.01,7,336.07,ASX,
3:55:08 PM,48.01,1,48.01,ASX,
3:55:08 PM,48.01,5,240.05,ASX,
3:55:08 PM,48.01,1,48.01,ASX,
3:55:08 PM,48.01,46,2208.46,ASX,
3:55:08 PM,48.01,1,48.01,CXA,
3:55:08 PM,48.01,2,96.02,CXA,
3:55:08 PM,48.01,22,1056.22,CXA,
3:55:08 PM,48.01,2,96.02,ASX,
3:55:08 PM,48.01,4,192.04,ASX,
3:55:08 PM,48.005,188,9024.94,ASX,CXXT
3:55:08 PM,48,2,96,ASX,CXXT
3:55:05 PM,48,3,144,ASX,NXXT
3:55:03 PM,48,12,576,ASX,
3:55:03 PM,48,48,2304,ASX,
3:55:03 PM,48,1,48,ASX,
3:55:03 PM,48,4,192,CXA,
3:55:03 PM,48,1,48,ASX,
3:55:02 PM,48,18,864,ASX,
3:55:02 PM,48,12,576,ASX,
3:55:02 PM,48,38,1824,ASX,
3:55:02 PM,48,12,576,ASX,
3:55:02 PM,48,62,2976,ASX,
3:55:02 PM,48,3,144,CXA,
3:55:02 PM,48,3,144,CXA,
3:55:00 PM,48,4,192,ASX,
3:54:59 PM,48,2,96,ASX,
3:54:59 PM,48.01,1,48.01,CXA,
3:54:59 PM,48.01,3,144.03,ASX,
3:54:58 PM,48.01,39,1872.39,ASX,
3:54:58 PM,48.01,67,3216.67,ASX,
3:54:58 PM,48.01,12,576.12,ASX,
3:54:58 PM,48.01,29,1392.29,CXA,
3:54:58 PM,48.01,3,144.03,CXA,
3:54:58 PM,48.01,1,48.01,ASX,
3:54:58 PM,48.01,42,2016.42,ASX,
3:54:58 PM,48.01,1,48.01,ASX,
3:54:58 PM,48,38,1824,ASX,
3:54:58 PM,48,41,1968,ASX,
3:54:58 PM,48,7,336,ASX,
3:54:58 PM,48.01,3,144.03,ASX,
3:54:58 PM,48.01,2,96.02,ASX,
3:54:58 PM,48.01,4,192.04,ASX,
3:54:58 PM,48.01,25,1200.25,ASX,
3:54:58 PM,48.01,31,1488.31,ASX,
3:54:58 PM,48.01,76,3648.76,ASX,
3:54:58 PM,48.01,50,2400.5,ASX,
3:54:58 PM,48,5,240,ASX,
3:54:58 PM,48,23,1104,ASX,
3:54:58 PM,48,13,624,ASX,
3:54:58 PM,48,22,1056,ASX,
3:54:58 PM,48,7,336,ASX,
3:54:58 PM,48,26,1248,ASX,
3:54:58 PM,48,25,1200,ASX,
3:54:58 PM,48,127,6096,ASX,
3:54:58 PM,48,31,1488,ASX,
3:54:58 PM,48,3,144,ASX,
3:54:58 PM,48,2,96,CXA,
3:54:58 PM,48,3,144,CXA,
3:54:55 PM,47.99,8,383.92,ASX,
3:54:55 PM,47.99,11,527.89,ASX,
3:54:55 PM,47.99,2,95.98,ASX,
3:54:55 PM,47.99,2,95.98,ASX,
3:54:55 PM,47.99,25,1199.75,ASX,
3:54:55 PM,47.99,24,1151.76,ASX,
3:54:55 PM,47.99,2,95.98,ASX,
3:54:55 PM,47.99,13,623.87,ASX,
3:54:55 PM,47.99,26,1247.74,ASX,
3:54:51 PM,47.99,1,47.99,ASX,
3:54:51 PM,47.99,4,191.96,ASX,
3:54:50 PM,47.99,4,191.96,ASX,
3:54:50 PM,47.99,23,1103.77,ASX,
3:54:50 PM,47.99,18,863.82,ASX,
3:54:50 PM,47.99,5,239.95,ASX,
3:54:50 PM,47.985,3,143.955,ASX,NXXT
3:54:48 PM,48,12,576,ASX,
3:54:48 PM,48,3,144,ASX,
3:54:48 PM,48,10,480,ASX,
3:54:48 PM,48,2,96,ASX,CXXT
3:54:48 PM,48,4,192,ASX,
3:54:48 PM,48,8,384,ASX,
3:54:47 PM,48,29,1392,ASX,
3:54:47 PM,48,12,576,ASX,
3:54:47 PM,47.99,12,575.88,ASX,
3:54:47 PM,47.99,55,2639.45,ASX,
3:54:47 PM,47.99,49,2351.51,ASX,
3:54:47 PM,47.99,19,911.81,ASX,
3:54:47 PM,47.99,83,3983.17,ASX,
3:54:47 PM,47.99,38,1823.62,ASX,
3:54:47 PM,47.99,25,1199.75,ASX,
3:54:47 PM,47.99,67,3215.33,ASX,
3:54:47 PM,47.99,47,2255.53,ASX,
3:54:47 PM,47.99,11,527.89,ASX,
3:54:47 PM,47.99,8,383.92,CXA,
3:54:47 PM,47.99,2,95.98,CXA,
3:54:45 PM,48,1,48,ASX,NXXT
3:54:43 PM,48.01,1,48.01,ASX,
3:54:43 PM,48,4,192,ASX,NXXT
3:54:43 PM,48,1,48,ASX,
3:54:43 PM,48,4,192,ASX,
3:54:43 PM,48,32,1536,ASX,
3:54:43 PM,48,8,384,ASX,
3:54:43 PM,48,11,528,ASX,
3:54:43 PM,48,35,1680,ASX,
3:54:43 PM,48,25,1200,ASX,
3:54:43 PM,48,15,720,ASX,
3:54:43 PM,48,20,960,ASX,
3:54:43 PM,48,47,2256,ASX,
3:54:41 PM,48.02,19,912.38,ASX,
3:54:41 PM,48.02,26,1248.52,ASX,
3:54:41 PM,48.01,5,240.05,ASX,CXXT
3:54:39 PM,48.01,1,48.01,ASX,CXXT
3:54:37 PM,48.01,247,11858.47,ASX,CXXT
3:54:32 PM,48.015,400,19206,ASX,CXXT
3:54:32 PM,48.02,12,576.24,ASX,
3:54:32 PM,48.02,12,576.24,ASX,
3:54:32 PM,48.01,3,144.03,ASX,
3:54:32 PM,48.01,27,1296.27,ASX,
3:54:32 PM,48.01,22,1056.22,ASX,
3:54:32 PM,48.01,36,1728.36,ASX,
3:54:32 PM,48.01,68,3264.68,ASX,
3:54:32 PM,48.01,63,3024.63,ASX,
3:54:32 PM,48.01,14,672.14,ASX,
3:54:32 PM,48.01,69,3312.69,ASX,
3:54:32 PM,48.02,1,48.02,ASX,CXXT
3:54:32 PM,48.01,3,144.03,CXA,
3:54:32 PM,48.01,1,48.01,CXA,
3:54:32 PM,48.01,2,96.02,CXA,
3:54:29 PM,48.02,2,96.04,ASX,
3:54:29 PM,48.02,4,192.08,ASX,
3:54:29 PM,48.02,1,48.02,ASX,
3:54:28 PM,48.02,200,9604,ASX,CXXT
3:54:26 PM,48.02,12,576.24,ASX,
3:54:26 PM,48.02,12,576.24,ASX,
3:54:26 PM,48.02,12,576.24,ASX,
3:54:26 PM,48.02,36,1728.72,ASX,
3:54:26 PM,48.02,32,1536.64,ASX,
3:54:26 PM,48.02,8,384.16,ASX,
3:54:26 PM,48.02,29,1392.58,ASX,
3:54:26 PM,48.02,2,96.04,ASX,
3:54:26 PM,48.02,12,576.24,ASX,
3:54:26 PM,48.02,24,1152.48,ASX,
3:54:26 PM,48.02,33,1584.66,ASX,
3:54:26 PM,48.02,1,48.02,ASX,
3:54:26 PM,48.02,39,1872.78,ASX,
3:54:26 PM,48.02,26,1248.52,ASX,
3:54:26 PM,48.02,26,1248.52,ASX,
3:54:26 PM,48.02,35,1680.7,ASX,
3:54:26 PM,48.02,51,2449.02,ASX,
3:54:26 PM,48.02,42,2016.84,ASX,
3:54:26 PM,48.02,2,96.04,CXA,
3:54:26 PM,48.02,2,96.04,CXA,
3:54:25 PM,48.03,4,192.12,ASX,NXXT
3:54:24 PM,48.03,24,1152.72,ASX,
3:54:24 PM,48.03,48,2305.44,ASX,
3:54:24 PM,48.03,21,1008.63,ASX,
3:54:24 PM,48.03,4,192.12,ASX,
3:54:24 PM,48.03,1,48.03,ASX,
3:54:24 PM,48.03,23,1104.69,ASX,
3:54:24 PM,48.03,2,96.06,ASX,
3:54:24 PM,48.03,2,96.06,CXA,
3:54:24 PM,48.03,2,96.06,CXA,
3:54:23 PM,48.035,216,10375.56,ASX,CXXT
3:54:20 PM,48.035,179,8598.265,ASX,CXXT
3:54:20 PM,48.04,5,240.2,ASX,
3:54:20 PM,48.04,16,768.64,ASX,
3:54:20 PM,48.035,4,192.14,ASX,CXXT
3:54:18 PM,48.03,2,96.06,ASX,
3:54:18 PM,48.035,4,192.14,ASX,NXXT
3:54:18 PM,48.035,1,48.035,ASX,CXXT
3:54:17 PM,48.03,7,336.21,ASX,
3:54:17 PM,48.03,5,240.15,ASX,
3:54:17 PM,48.03,24,1152.72,ASX,
3:54:17 PM,48.03,30,1440.9,ASX,
3:54:17 PM,48.03,14,672.42,ASX,
3:54:17 PM,48.03,32,1536.96,ASX,
3:54:17 PM,48.03,24,1152.72,ASX,
3:54:17 PM,48.03,2,96.06,CXA,
3:54:16 PM,48.04,1,48.04,ASX,CXXT
3:54:16 PM,48.04,1,48.04,ASX,CXXT
3:54:16 PM,48.04,1,48.04,ASX,CXXT
3:54:15 PM,48.03,7,336.21,ASX,
3:54:15 PM,48.03,2,96.06,ASX,
3:54:15 PM,48.04,549,26373.96,ASX,CXXT
3:54:07 PM,48.04,503,24164.12,ASX,CXXT
3:54:04 PM,48.04,462,22194.48,ASX,CXXT
3:54:03 PM,48.03,23,1104.69,ASX,
3:54:03 PM,48.03,46,2209.38,ASX,
3:54:00 PM,48.03,60,2881.8,ASX,
3:54:00 PM,48.03,2,96.06,ASX,
3:53:59 PM,48.02,14,672.28,ASX,
3:53:59 PM,48.02,32,1536.64,ASX,
3:53:59 PM,48.02,50,2401,ASX,
3:53:59 PM,48.03,6,288.18,ASX,
3:53:59 PM,48.03,4,192.12,ASX,
3:53:59 PM,48.03,1,48.03,ASX,
3:53:59 PM,48.03,10,480.3,ASX,
3:53:59 PM,48.03,1,48.03,ASX,
3:53:58 PM,48.01,37,1776.37,ASX,
3:53:58 PM,48.01,6,288.06,ASX,
3:53:58 PM,48.01,25,1200.25,ASX,
3:53:58 PM,48.01,1,48.01,ASX,
3:53:58 PM,48,3,144,ASX,
3:53:58 PM,48,7,336,ASX,
3:53:58 PM,48,19,912,ASX,
3:53:58 PM,48,13,624,ASX,
3:53:58 PM,48,85,4080,ASX,
3:53:58 PM,48,12,576,ASX,
3:53:58 PM,48,3,144,ASX,
3:53:55 PM,47.99,2,95.98,CXA,
3:53:54 PM,47.99,20,959.8,ASX,
3:53:53 PM,47.98,15,719.7,ASX,
3:53:53 PM,47.99,4,191.96,ASX,
3:53:53 PM,47.99,2,95.98,ASX,
3:53:53 PM,47.99,1,47.99,ASX,XT
3:53:53 PM,47.99,11,527.89,ASX,
3:53:52 PM,47.99,2,95.98,ASX,
3:53:52 PM,47.99,13,623.87,ASX,
3:53:52 PM,47.98,4,191.92,ASX,
3:53:52 PM,47.99,26,1247.74,ASX,
3:53:52 PM,47.99,14,671.86,ASX,
3:53:52 PM,47.99,20,959.8,ASX,
3:53:52 PM,47.99,17,815.83,ASX,
3:53:52 PM,47.99,100,4799,ASX,
3:53:52 PM,47.98,32,1535.36,ASX,
3:53:52 PM,47.98,96,4606.08,ASX,
3:53:52 PM,47.98,27,1295.46,ASX,
3:53:52 PM,47.98,20,959.6,ASX,
3:53:52 PM,47.98,18,863.64,ASX,
3:53:52 PM,47.98,58,2782.84,ASX,
3:53:52 PM,47.97,224,10745.28,ASX,CXXT
3:53:52 PM,47.98,4,191.92,CXA,
3:53:52 PM,47.98,1,47.98,CXA,
3:53:52 PM,47.98,6,287.88,CXA,
3:53:48 PM,47.97,1,47.97,ASX,
3:53:45 PM,47.97,3,143.91,ASX,NXXT
3:53:43 PM,47.97,1,47.97,ASX,
3:53:43 PM,47.98,1,47.98,ASX,
3:53:43 PM,47.97,3,143.91,ASX,
3:53:43 PM,47.97,1,47.97,ASX,
3:53:43 PM,47.97,10,479.7,ASX,
3:53:43 PM,47.97,1,47.97,ASX,
3:53:43 PM,47.97,23,1103.31,ASX,
3:53:43 PM,47.97,8,383.76,ASX,
3:53:43 PM,47.97,4,191.88,CXA,
3:53:41 PM,47.98,1,47.98,ASX,NXXT
3:53:38 PM,47.98,1,47.98,ASX,NXXT
3:53:37 PM,47.98,2,95.96,ASX,NXXT
3:53:36 PM,47.98,1,47.98,ASX,NXXT
3:53:36 PM,47.98,24,1151.52,ASX,
3:53:36 PM,47.98,3,143.94,ASX,
3:53:36 PM,47.98,79,3790.42,ASX,
3:53:36 PM,47.98,99,4750.02,ASX,
3:53:35 PM,47.99,13,623.87,ASX,
3:53:35 PM,47.98,34,1631.32,ASX,
3:53:35 PM,47.99,9,431.91,ASX,
3:53:35 PM,47.99,4,191.96,ASX,
3:53:35 PM,47.99,13,623.87,ASX,
3:53:35 PM,48,101,4848,ASX,
3:53:35 PM,48,13,624,ASX,
3:53:35 PM,47.99,9,431.91,ASX,
3:53:35 PM,47.99,5,239.95,ASX,
3:53:35 PM,47.99,27,1295.73,ASX,
3:53:35 PM,47.99,21,1007.79,ASX,
3:53:35 PM,47.99,17,815.83,ASX,
3:53:35 PM,47.99,71,3407.29,ASX,
3:53:35 PM,47.98,76,3646.48,ASX,
3:53:35 PM,47.98,1,47.98,ASX,
3:53:35 PM,47.98,7,335.86,ASX,
3:53:35 PM,47.98,36,1727.28,ASX,
3:53:35 PM,47.98,26,1247.48,ASX,
3:53:35 PM,47.98,26,1247.48,ASX,
3:53:35 PM,47.98,35,1679.3,ASX,
3:53:35 PM,47.98,3,143.94,CXA,
3:53:35 PM,47.98,3,143.94,CXA,
3:53:35 PM,47.975,1,47.975,ASX,NXXT
3:53:31 PM,47.97,5,239.85,ASX,
3:53:30 PM,47.975,1,47.975,ASX,NXXT
3:53:30 PM,47.98,68,3262.64,ASX,
3:53:30 PM,47.975,3,143.925,ASX,CXXT
3:53:30 PM,47.975,150,7196.25,ASX,CXXT
3:53:27 PM,47.97,1,47.97,ASX,NXXT
3:53:25 PM,47.97,2,95.94,ASX,NXXT
3:53:23 PM,47.96,19,911.24,ASX,
3:53:23 PM,47.96,1,47.96,ASX,
3:53:23 PM,47.96,1,47.96,ASX,
3:53:23 PM,47.96,36,1726.56,ASX,
3:53:22 PM,47.97,1,47.97,ASX,NXXT
3:53:20 PM,47.965,1,47.965,ASX,NXXT
3:53:20 PM,47.96,11,527.56,ASX,
3:53:20 PM,47.98,37,1775.26,ASX,
3:53:20 PM,47.98,42,2015.16,ASX,
3:53:20 PM,47.98,21,1007.58,ASX,
3:53:20 PM,47.97,124,5948.28,ASX,
3:53:19 PM,47.96,1,47.96,ASX,
3:53:19 PM,47.97,11,527.67,ASX,
3:53:19 PM,47.97,34,1630.98,ASX,
3:53:19 PM,47.97,10,479.7,ASX,
3:53:19 PM,47.97,28,1343.16,ASX,
3:53:19 PM,47.97,358,17173.26,ASX,
3:53:19 PM,47.97,4,191.88,ASX,
3:53:19 PM,47.97,60,2878.2,ASX,
3:53:19 PM,47.97,45,2158.65,ASX,
3:53:19 PM,47.97,116,5564.52,ASX,
3:53:19 PM,47.97,15,719.55,ASX,
3:53:19 PM,47.97,1,47.97,CXA,
3:53:19 PM,47.97,4,191.88,CXA,
3:53:18 PM,47.96,17,815.32,ASX,
3:53:18 PM,47.96,98,4700.08,CXA,
3:53:18 PM,47.96,1,47.96,CXA,
3:53:18 PM,47.96,1,47.96,ASX,
3:53:18 PM,47.96,3,143.88,ASX,
3:53:18 PM,47.96,15,719.4,ASX,
3:53:18 PM,47.96,2,95.92,ASX,
3:53:18 PM,47.96,22,1055.12,ASX,
3:53:18 PM,47.955,225,10789.875,ASX,CXXT
3:53:18 PM,47.955,441,21148.155,ASX,CXXT
3:53:17 PM,47.955,21,1007.055,ASX,CXXT
3:53:17 PM,47.955,1,47.955,ASX,CXXT
3:53:16 PM,47.955,5,239.775,ASX,NXXT
3:53:15 PM,47.96,13,623.48,ASX,
3:53:15 PM,47.96,1,47.96,CXA,
3:53:15 PM,47.96,11,527.56,ASX,
3:53:15 PM,47.96,11,527.56,ASX,
3:53:15 PM,47.96,29,1390.84,ASX,
3:53:15 PM,47.96,67,3213.32,ASX,
3:53:15 PM,47.96,30,1438.8,ASX,
3:53:15 PM,47.96,2,95.92,CXA,
3:53:15 PM,47.96,2,95.92,CXA,
3:53:15 PM,47.965,1,47.965,ASX,NXXT
3:53:13 PM,47.965,1,47.965,ASX,NXXT
3:53:13 PM,47.965,4,191.86,ASX,NXXT
3:53:12 PM,47.965,1,47.965,ASX,NXXT
3:53:10 PM,47.965,31,1486.915,CXA,NX XT
3:53:10 PM,47.97,2,95.94,ASX,
3:53:10 PM,47.97,1,47.97,CXA,
3:53:10 PM,47.97,1,47.97,ASX,
3:53:10 PM,47.97,55,2638.35,ASX,
3:53:10 PM,47.97,28,1343.16,ASX,
3:53:10 PM,47.97,53,2542.41,ASX,
3:53:10 PM,47.97,31,1487.07,ASX,
3:53:10 PM,47.97,25,1199.25,ASX,
3:53:10 PM,47.97,5,239.85,CXA,
3:53:10 PM,47.97,4,191.88,CXA,
3:53:09 PM,47.98,1,47.98,ASX,NXXT
3:53:08 PM,47.98,1,47.98,ASX,NXXT
3:53:07 PM,47.98,1,47.98,ASX,NXXT
3:53:06 PM,47.98,34,1631.32,CXA,NX XT
3:53:06 PM,47.98,70,3358.6,ASX,
3:53:06 PM,47.98,1,47.98,CXA,
3:53:06 PM,47.98,24,1151.52,ASX,
3:53:06 PM,47.98,21,1007.58,ASX,
3:53:06 PM,47.98,33,1583.34,ASX,
3:53:06 PM,47.98,4,191.92,ASX,
3:53:06 PM,47.98,36,1727.28,ASX,
3:53:06 PM,47.98,70,3358.6,ASX,
3:53:06 PM,47.98,110,5277.8,ASX,
3:53:06 PM,47.98,90,4318.2,ASX,
3:53:06 PM,47.98,10,479.8,ASX,
3:53:06 PM,47.98,2,95.96,CXA,
3:53:06 PM,47.98,2,95.96,CXA,
3:53:06 PM,47.98,6,287.88,CXA,
3:53:06 PM,47.98,13,623.74,CXA,
3:53:06 PM,47.98,1,47.98,CXA,
3:53:05 PM,47.985,1,47.985,ASX,NXXT
3:53:05 PM,47.985,1,47.985,ASX,CXXT
3:53:04 PM,47.985,1,47.985,ASX,NXXT
3:53:00 PM,47.985,1,47.985,ASX,NXXT
3:53:00 PM,47.985,100,4798.5,ASX,CXXT
3:53:00 PM,47.98,1,47.98,ASX,
3:52:58 PM,47.985,1,47.985,ASX,NXXT
3:52:58 PM,47.985,100,4798.5,ASX,CXXT
3:52:58 PM,47.985,250,11996.25,ASX,CXXT
3:52:58 PM,47.985,4,191.94,ASX,NXXT
3:52:58 PM,47.985,102,4894.47,ASX,CXXT
3:52:57 PM,47.985,1,47.985,ASX,NXXT
3:52:56 PM,47.985,1,47.985,ASX,CXXT
3:52:56 PM,47.985,1,47.985,ASX,NXXT
3:52:55 PM,47.985,20,959.7,ASX,CXXT
3:52:55 PM,47.985,1,47.985,ASX,NXXT
3:52:53 PM,47.985,1,47.985,ASX,NXXT
3:52:52 PM,47.985,123,5902.155,ASX,CXXT
3:52:51 PM,47.985,1,47.985,ASX,NXXT
3:52:49 PM,47.98,1,47.98,ASX,NXXT
3:52:48 PM,47.985,1,47.985,ASX,NXXT
3:52:47 PM,47.985,65,3119.025,ASX,CXXT
3:52:46 PM,47.99,12,575.88,ASX,
3:52:46 PM,47.98,11,527.78,ASX,
3:52:46 PM,47.99,1,47.99,ASX,NXXT
3:52:45 PM,48,1,48,ASX,
3:52:45 PM,48,9,432,ASX,
3:52:45 PM,48,35,1680,ASX,
3:52:45 PM,48,13,624,CXA,
3:52:45 PM,48.005,1,48.005,ASX,NXXT
3:52:45 PM,48,37,1776,ASX,
3:52:45 PM,48,19,912,ASX,
3:52:44 PM,48.005,4,192.02,ASX,NXXT
3:52:44 PM,48,105,5040,ASX,
3:52:44 PM,48,5,240,ASX,
3:52:44 PM,48,5,240,ASX,
3:52:44 PM,48,96,4608,ASX,
3:52:44 PM,48,40,1920,ASX,
3:52:44 PM,48,1,48,ASX,
3:52:44 PM,48,19,912,ASX,
3:52:44 PM,48,17,816,ASX,
3:52:44 PM,48,15,720,ASX,
3:52:44 PM,48,7,336,ASX,
3:52:44 PM,48,25,1200,ASX,
3:52:44 PM,48,21,1008,ASX,
3:52:44 PM,48,38,1824,ASX,
3:52:44 PM,48,4,192,CXA,
3:52:44 PM,48,2,96,CXA,
3:52:44 PM,47.97,19,911.43,ASX,
3:52:44 PM,47.97,25,1199.25,ASX,
3:52:44 PM,47.97,7,335.79,ASX,
3:52:44 PM,47.98,34,1631.32,ASX,
3:52:44 PM,47.98,45,2159.1,ASX,
3:52:44 PM,47.98,405,19431.9,ASX,
3:52:44 PM,47.98,6,287.88,ASX,
3:52:44 PM,47.98,6,287.88,ASX,
3:52:44 PM,47.98,5,239.9,ASX,
3:52:44 PM,47.98,104,4989.92,ASX,
3:52:44 PM,47.98,3,143.94,CXA,
3:52:43 PM,47.98,13,623.74,CXA,
3:52:43 PM,47.99,44,2111.56,CXA,NX XT
3:52:43 PM,48,12,576,ASX,
3:52:43 PM,47.99,1,47.99,ASX,
3:52:43 PM,47.99,38,1823.62,ASX,
3:52:43 PM,47.99,35,1679.65,ASX,
3:52:43 PM,47.99,6,287.94,ASX,
3:52:43 PM,47.99,38,1823.62,ASX,
3:52:43 PM,48,1,48,ASX,
3:52:43 PM,48,8,384,ASX,
3:52:43 PM,48,9,432,ASX,
3:52:43 PM,48,54,2592,ASX,
3:52:43 PM,48,11,528,ASX,
3:52:43 PM,48,1,48,ASX,
3:52:43 PM,48,34,1632,ASX,
3:52:43 PM,48,25,1200,ASX,
3:52:43 PM,48,7,336,ASX,
3:52:43 PM,48,19,912,ASX,
3:52:43 PM,48,32,1536,ASX,
3:52:43 PM,48,27,1296,ASX,
3:52:43 PM,48,13,624,ASX,
3:52:43 PM,48,443,21264,ASX,
3:52:43 PM,48,1,48,CXA,
3:52:42 PM,48.005,2,96.01,ASX,NXXT
3:52:41 PM,48.005,3,144.015,ASX,NXXT
3:52:41 PM,48.005,3,144.015,ASX,NXXT
3:52:36 PM,48.005,1,48.005,ASX,CXXT
3:52:36 PM,48.005,1,48.005,ASX,CXXT
3:52:35 PM,48.005,18,864.09,ASX,CXXT
3:52:35 PM,48.01,3,144.03,CXA,
3:52:35 PM,48.01,1,48.01,CXA,
3:52:35 PM,48.01,3,144.03,CXA,
3:52:34 PM,48.005,121,5808.605,ASX,CXXT
3:52:32 PM,48.005,29,1392.145,ASX,CXXT
3:52:31 PM,48,271,13008,ASX,
3:52:31 PM,48.005,1,48.005,ASX,CXXT
3:52:30 PM,48.01,12,576.12,ASX,
3:52:30 PM,48.01,12,576.12,ASX,
3:52:30 PM,48.01,1,48.01,ASX,
3:52:30 PM,48.02,10,480.2,ASX,
3:52:30 PM,48,36,1728,ASX,
3:52:30 PM,48,14,672,ASX,
3:52:30 PM,48.01,261,12530.61,ASX,
3:52:30 PM,48.01,57,2736.57,ASX,
3:52:30 PM,48.01,30,1440.3,ASX,
3:52:30 PM,48.01,48,2304.48,ASX,
3:52:30 PM,48.01,29,1392.29,ASX,
3:52:30 PM,48.01,64,3072.64,ASX,
3:52:30 PM,48.01,46,2208.46,ASX,
3:52:30 PM,48.01,20,960.2,ASX,
3:52:30 PM,48.01,12,576.12,ASX,
3:52:30 PM,48.01,7,336.07,ASX,
3:52:30 PM,48.01,30,1440.3,ASX,
3:52:30 PM,48.01,24,1152.24,ASX,
3:52:30 PM,48.01,69,3312.69,ASX,
3:52:30 PM,48.02,1,48.02,ASX,
3:52:30 PM,48.02,5,240.1,ASX,
3:52:30 PM,48.02,77,3697.54,ASX,
3:52:30 PM,48.02,20,960.4,ASX,
3:52:30 PM,48.02,1,48.02,ASX,
3:52:30 PM,48.02,10,480.2,ASX,
3:52:30 PM,48.02,183,8787.66,ASX,
3:52:30 PM,48.02,45,2160.9,ASX,
3:52:30 PM,48.02,11,528.22,ASX,
3:52:30 PM,48.02,13,624.26,ASX,
3:52:30 PM,48.02,2,96.04,CXA,
3:52:30 PM,48.02,2,96.04,CXA,
3:52:30 PM,48.02,2,96.04,CXA,
3:52:30 PM,48.02,16,768.32,CXA,
3:52:30 PM,48.02,3,144.06,CXA,
3:52:30 PM,48.02,2,96.04,CXA,
3:52:29 PM,48.025,1,48.025,ASX,NXXT
3:52:27 PM,48.025,1,48.025,ASX,NXXT
3:52:26 PM,48.025,2,96.05,ASX,NXXT
3:52:25 PM,48.025,1,48.025,ASX,NXXT
3:52:24 PM,48.025,32,1536.8,ASX,CXXT
3:52:24 PM,48.025,1940,93168.5,ASX,CXXT
3:52:24 PM,48.025,123,5907.075,ASX,CXXT
3:52:24 PM,48.025,1,48.025,ASX,NXXT
3:52:24 PM,48.025,5,240.125,ASX,CXXT
3:52:24 PM,48.025,48,2305.2,ASX,CXXT
3:52:24 PM,48.025,1,48.025,ASX,CXXT
3:52:21 PM,48.025,1,48.025,ASX,NXXT
3:52:21 PM,48.025,1,48.025,ASX,CXXT
3:52:21 PM,48.025,2,96.05,ASX,CXXT
3:52:19 PM,48.025,3,144.075,ASX,CXXT
3:52:18 PM,48.025,1,48.025,ASX,NXXT
3:52:15 PM,48.025,1,48.025,ASX,NXXT
3:52:15 PM,48.02,2,96.04,ASX,
3:52:15 PM,48.02,14,672.28,ASX,
3:52:12 PM,48.025,1,48.025,ASX,NXXT
3:52:11 PM,48.025,135,6483.375,ASX,CXXT
3:52:10 PM,48.03,19,912.57,ASX,
3:52:10 PM,48.03,1,48.03,CXA,
3:52:10 PM,48.03,1,48.03,CXA,
3:52:10 PM,48.025,1,48.025,ASX,NXXT
3:52:10 PM,48.03,1,48.03,CXA,
3:52:09 PM,48.025,1,48.025,ASX,NXXT
3:52:09 PM,48.03,13,624.39,ASX,
3:52:09 PM,48.02,22,1056.44,ASX,
3:52:08 PM,48.04,13,624.52,ASX,
3:52:08 PM,48.03,16,768.48,ASX,
3:52:08 PM,48.03,6,288.18,ASX,
3:52:08 PM,48.03,2,96.06,ASX,
3:52:08 PM,48.03,23,1104.69,ASX,
3:52:08 PM,48.03,5,240.15,ASX,
3:52:08 PM,48.03,6,288.18,ASX,
3:52:08 PM,48.03,18,864.54,ASX,
3:52:08 PM,48.03,25,1200.75,ASX,
3:52:08 PM,48.03,28,1344.84,ASX,
3:52:08 PM,48.03,3,144.09,CXA,
3:52:08 PM,48.03,1,48.03,CXA,
3:52:07 PM,48.02,9,432.18,ASX,CXXT
3:52:06 PM,48.015,1,48.015,ASX,NXXT
3:52:06 PM,48.03,1,48.03,ASX,
3:52:05 PM,48.015,5,240.075,ASX,NXXT
3:52:04 PM,48.015,1,48.015,ASX,NXXT
3:52:04 PM,48.015,1,48.015,ASX,NXXT
3:52:03 PM,48.03,11,528.33,ASX,
3:52:03 PM,48.01,23,1104.23,ASX,
3:52:03 PM,48.01,111,5329.11,ASX,
3:52:03 PM,48.01,50,2400.5,ASX,
3:52:02 PM,48.02,1,48.02,ASX,NXXT
3:52:00 PM,48.02,1,48.02,ASX,NXXT
3:52:00 PM,48.02,9,432.18,CXA,NX XT
3:52:00 PM,48.02,23,1104.46,CXA,NX XT
3:51:59 PM,48.015,1110,53296.65,ASX,CXXT
3:51:58 PM,48.01,9,432.09,ASX,
3:51:58 PM,48.01,2,96.02,ASX,
3:51:58 PM,48.01,13,624.13,ASX,
3:51:58 PM,48.01,11,528.11,ASX,
3:51:58 PM,48.015,111,5329.665,ASX,CXXT
3:51:58 PM,48.02,49,2352.98,ASX,
3:51:58 PM,48.02,5,240.1,ASX,
3:51:58 PM,48.02,10,480.2,ASX,
3:51:57 PM,48.02,5,240.1,ASX,
3:51:57 PM,48.02,6,288.12,ASX,
3:51:57 PM,48.02,1,48.02,ASX,
3:51:57 PM,48.02,8,384.16,ASX,
3:51:57 PM,48.02,7,336.14,ASX,
3:51:57 PM,48.02,37,1776.74,ASX,
3:51:57 PM,48.02,40,1920.8,ASX,
3:51:57 PM,48.02,4,192.08,ASX,
3:51:57 PM,48.02,1,48.02,ASX,
3:51:56 PM,48.015,1,48.015,ASX,NXXT
3:51:56 PM,48.02,19,912.38,ASX,
3:51:56 PM,48.02,1,48.02,CXA,
3:51:56 PM,48.01,25,1200.25,ASX,
3:51:55 PM,48.015,136,6530.04,ASX,CXXT
3:51:55 PM,48.02,8,384.16,ASX,
3:51:55 PM,48.015,13,624.195,ASX,CXXT
3:51:55 PM,48.015,1,48.015,ASX,NXXT
3:51:55 PM,48.015,136,6530.04,ASX,CXXT
3:51:54 PM,48.01,12,576.12,CXA,NX XT
3:51:54 PM,48.01,33,1584.33,ASX,CXXT
3:51:53 PM,48.01,1,48.01,ASX,NXXT
3:51:52 PM,48.01,1,48.01,ASX,NXXT
3:51:51 PM,48.01,3,144.03,ASX,
3:51:50 PM,48.01,8,384.08,ASX,
3:51:50 PM,48.01,5,240.05,ASX,
3:51:50 PM,48.01,1,48.01,ASX,
3:51:50 PM,48.005,1,48.005,ASX,NXXT
3:51:50 PM,48.01,12,576.12,ASX,
3:51:50 PM,48.01,28,1344.28,ASX,
3:51:50 PM,48.01,3,144.03,ASX,
3:51:49 PM,48.01,1,48.01,ASX,
3:51:49 PM,48.01,28,1344.28,ASX,
3:51:49 PM,48.01,22,1056.22,ASX,
3:51:49 PM,48.01,49,2352.49,ASX,
3:51:49 PM,48.01,1,48.01,ASX,
3:51:49 PM,48.005,100,4800.5,ASX,CXXT
3:51:49 PM,48.01,1,48.01,ASX,
3:51:49 PM,48.01,61,2928.61,ASX,
3:51:49 PM,48.005,6,288.03,ASX,CXXT
3:51:49 PM,48.005,1,48.005,ASX,NXXT
3:51:49 PM,48.005,7,336.035,ASX,CXXT
3:51:49 PM,48.005,50,2400.25,ASX,CXXT
3:51:49 PM,48.005,23,1104.115,ASX,CXXT
3:51:49 PM,48,50,2400,ASX,CXXT
3:51:49 PM,48,6,288,ASX,CXXT
3:51:49 PM,48,7,336,ASX,
3:51:49 PM,48,6,288,ASX,
3:51:48 PM,47.995,6,287.97,ASX,CXXT
3:51:48 PM,48,44,2112,ASX,
3:51:48 PM,48,24,1152,ASX,
3:51:48 PM,48.01,6,288.06,ASX,
3:51:47 PM,48,1,48,ASX,NXXT
3:51:47 PM,48,14,672,ASX,
3:51:47 PM,48,2,96,ASX,
3:51:47 PM,48,5,240,ASX,
3:51:47 PM,48,11,528,ASX,
3:51:47 PM,48.005,6,288.03,ASX,CXXT
3:51:47 PM,48.005,1,48.005,ASX,NXXT
3:51:45 PM,48.005,8,384.04,CXA,NX XT
3:51:45 PM,48.005,24,1152.12,CXA,NX XT
3:51:45 PM,48.01,6,288.06,ASX,
3:51:45 PM,48.005,1,48.005,ASX,NXXT
3:51:44 PM,48,7,336,ASX,
3:51:44 PM,48,1,48,ASX,
3:51:44 PM,48.01,74,3552.74,ASX,
3:51:44 PM,48,116,5568,CXA,
3:51:44 PM,48,2,96,CXA,
3:51:44 PM,48.01,5,240.05,ASX,
3:51:43 PM,48,9,432,ASX,
3:51:43 PM,48,36,1728,ASX,
3:51:43 PM,48,40,1920,ASX,
3:51:43 PM,48,2,96,CXA,
3:51:43 PM,48,1,48,ASX,
3:51:43 PM,48,40,1920,ASX,
3:51:43 PM,48,2,96,ASX,
3:51:43 PM,48,5,240,ASX,
3:51:43 PM,48,7,336,ASX,
3:51:43 PM,48,24,1152,ASX,
3:51:43 PM,48,23,1104,ASX,
3:51:43 PM,48,23,1104,ASX,
3:51:43 PM,48,30,1440,ASX,
3:51:43 PM,48,1,48,ASX,
3:51:43 PM,48,162,7776,ASX,
3:51:43 PM,48,1,48,ASX,
3:51:43 PM,48,50,2400,ASX,
3:51:43 PM,48,20,960,ASX,
3:51:43 PM,48,44,2112,ASX,
3:51:43 PM,48,6,288,ASX,
3:51:43 PM,48,2,96,CXA,
3:51:43 PM,48,9,432,CXA,
3:51:43 PM,48,8,384,CXA,
3:51:43 PM,48,5,240,ASX,
3:51:42 PM,47.99,40,1919.6,ASX,
3:51:42 PM,48,5,240,ASX,
3:51:42 PM,47.99,24,1151.76,CXA,NX XT
3:51:41 PM,47.98,10,479.8,ASX,
3:51:41 PM,47.99,1,47.99,ASX,NXXT
3:51:41 PM,47.98,4,191.92,ASX,
3:51:40 PM,47.98,36,1727.28,ASX,
3:51:40 PM,47.98,143,6861.14,ASX,
3:51:40 PM,47.99,9,431.91,ASX,
3:51:40 PM,47.99,79,3791.21,ASX,
3:51:40 PM,47.98,47,2255.06,ASX,
3:51:40 PM,47.98,70,3358.6,ASX,
3:51:40 PM,47.98,122,5853.56,ASX,
3:51:40 PM,47.98,14,671.72,ASX,
3:51:40 PM,47.98,5,239.9,ASX,
3:51:40 PM,47.98,34,1631.32,ASX,
3:51:40 PM,47.98,50,2399,ASX,
3:51:40 PM,47.965,123,5899.695,ASX,CXXT
3:51:40 PM,47.99,8,383.92,CXA,
3:51:40 PM,47.98,1,47.98,CXA,
3:51:40 PM,47.98,3,143.94,CXA,
3:51:40 PM,47.965,5,239.825,ASX,CXXT
3:51:40 PM,47.95,28,1342.6,ASX,
3:51:38 PM,47.965,1,47.965,ASX,NXXT
3:51:38 PM,47.965,5,239.825,ASX,CXXT
3:51:37 PM,47.965,1,47.965,ASX,NXXT
3:51:37 PM,47.965,5,239.825,ASX,CXXT
3:51:35 PM,47.965,5,239.825,ASX,NXXT
3:51:35 PM,47.965,6,287.79,ASX,CXXT
3:51:35 PM,47.965,1,47.965,ASX,NXXT
3:51:35 PM,47.96,11,527.56,ASX,
3:51:34 PM,47.98,6,287.88,ASX,CXXT
3:51:33 PM,47.96,2,95.92,ASX,
3:51:33 PM,47.96,1,47.96,ASX,
3:51:33 PM,47.96,8,383.68,ASX,
3:51:33 PM,47.98,1,47.98,ASX,NXXT
3:51:33 PM,47.98,6,287.88,ASX,CXXT
3:51:32 PM,47.98,6,287.88,ASX,CXXT
3:51:31 PM,47.98,1,47.98,ASX,NXXT
3:51:30 PM,47.96,11,527.56,ASX,
3:51:30 PM,47.96,223,10695.08,ASX,
3:51:30 PM,47.96,64,3069.44,ASX,
3:51:30 PM,47.96,5,239.8,ASX,
3:51:30 PM,47.96,39,1870.44,ASX,
3:51:30 PM,47.96,61,2925.56,ASX,
3:51:30 PM,47.96,250,11990,ASX,
3:51:30 PM,47.96,9,431.64,CXA,
3:51:30 PM,47.96,2,95.92,CXA,
3:51:30 PM,47.96,1,47.96,CXA,
3:51:30 PM,47.98,6,287.88,ASX,CXXT
3:51:30 PM,47.98,1,47.98,ASX,NXXT
3:51:29 PM,47.98,5,239.9,ASX,CXXT
3:51:29 PM,47.98,1,47.98,ASX,NXXT
3:51:27 PM,47.98,5,239.9,ASX,CXXT
3:51:27 PM,47.98,19,911.62,CXA,NX XT
3:51:26 PM,47.98,1,47.98,ASX,NXXT
3:51:25 PM,47.98,5,239.9,ASX,CXXT
3:51:24 PM,47.98,1,47.98,ASX,NXXT
3:51:24 PM,47.98,5,239.9,ASX,CXXT
3:51:24 PM,47.97,62,2974.14,ASX,
3:51:24 PM,47.97,57,2734.29,ASX,
3:51:23 PM,47.97,3,143.91,ASX,
3:51:23 PM,47.985,5,239.925,ASX,CXXT
3:51:22 PM,47.98,1,47.98,ASX,NXXT
3:51:22 PM,47.985,5,239.925,ASX,CXXT
3:51:22 PM,47.985,13,623.805,ASX,CXXT
3:51:22 PM,47.985,3,143.955,ASX,CXXT
3:51:22 PM,47.98,3,143.94,ASX,NXXT
3:51:21 PM,47.97,40,1918.8,ASX,
3:51:21 PM,47.97,6,287.82,ASX,
3:51:21 PM,47.97,13,623.61,ASX,
3:51:21 PM,47.97,67,3213.99,ASX,
3:51:21 PM,47.97,50,2398.5,ASX,
3:51:21 PM,47.97,5,239.85,CXA,
3:51:20 PM,47.985,1,47.985,ASX,NXXT
3:51:20 PM,47.985,6,287.91,ASX,CXXT
3:51:19 PM,47.98,1,47.98,ASX,NXXT
3:51:19 PM,47.98,6,287.88,ASX,CXXT
3:51:18 PM,48,3,144,ASX,
3:51:18 PM,47.98,3,143.94,ASX,CXXT
3:51:17 PM,47.98,1,47.98,ASX,NXXT
3:51:16 PM,47.98,5,239.9,ASX,CXXT
3:51:15 PM,47.98,1,47.98,ASX,NXXT
3:51:15 PM,47.98,5,239.9,ASX,CXXT
3:51:13 PM,47.98,1,47.98,ASX,NXXT
3:51:13 PM,47.98,5,239.9,ASX,CXXT
3:51:12 PM,47.98,1,47.98,ASX,NXXT
3:51:12 PM,47.98,5,239.9,ASX,CXXT
3:51:10 PM,47.98,1,47.98,ASX,NXXT
3:51:10 PM,47.98,5,239.9,ASX,CXXT
3:51:09 PM,47.985,5,239.925,ASX,CXXT
3:51:08 PM,47.98,1,47.98,ASX,NXXT
3:51:08 PM,47.97,3,143.91,ASX,
3:51:08 PM,47.97,38,1822.86,ASX,
3:51:08 PM,47.97,28,1343.16,ASX,
3:51:08 PM,47.97,29,1391.13,ASX,
3:51:08 PM,47.97,3,143.91,ASX,
3:51:08 PM,47.97,102,4892.94,ASX,
3:51:08 PM,47.97,46,2206.62,ASX,
3:51:08 PM,47.97,12,575.64,CXA,
3:51:08 PM,47.97,1,47.97,CXA,
3:51:08 PM,47.97,2,95.94,CXA,
3:51:07 PM,47.985,6,287.91,ASX,CXXT
3:51:06 PM,47.985,1,47.985,ASX,NXXT
3:51:05 PM,48,5,240,ASX,
3:51:05 PM,47.985,1,47.985,ASX,CXXT
3:51:04 PM,47.985,5,239.925,ASX,NXXT
3:51:04 PM,47.985,1,47.985,ASX,NXXT
3:51:03 PM,48,6,288,ASX,
3:51:02 PM,47.985,1,47.985,ASX,NXXT
3:51:02 PM,48,6,288,ASX,
3:51:01 PM,48,5,240,ASX,
3:51:00 PM,47.985,1,47.985,ASX,NXXT
3:51:00 PM,47.985,1,47.985,ASX,NXXT
3:50:57 PM,47.985,1,47.985,ASX,NXXT
3:50:56 PM,48,2,96,ASX,
3:50:56 PM,48,13,624,ASX,
3:50:56 PM,47.985,3,143.955,ASX,CXXT
3:50:55 PM,47.985,1,47.985,ASX,NXXT
3:50:55 PM,47.98,3,143.94,ASX,
3:50:55 PM,47.98,46,2207.08,ASX,
3:50:55 PM,47.98,37,1775.26,ASX,
3:50:55 PM,47.98,29,1391.42,ASX,
3:50:55 PM,47.98,32,1535.36,ASX,
3:50:55 PM,47.98,80,3838.4,ASX,
3:50:55 PM,47.98,12,575.76,ASX,
3:50:55 PM,47.98,45,2159.1,ASX,
3:50:55 PM,47.98,12,575.76,CXA,
3:50:55 PM,47.98,1,47.98,CXA,
3:50:55 PM,47.98,5,239.9,CXA,
3:50:54 PM,47.99,1,47.99,ASX,NXXT
3:50:52 PM,47.99,1,47.99,ASX,NXXT
3:50:50 PM,47.99,1,47.99,ASX,NXXT
3:50:48 PM,47.99,1,47.99,ASX,NXXT
3:50:46 PM,47.99,1,47.99,ASX,NXXT
3:50:45 PM,47.99,1,47.99,ASX,NXXT
3:50:44 PM,47.99,3,143.97,ASX,
3:50:44 PM,47.99,3,143.97,ASX,
3:50:44 PM,48,9,432,ASX,
3:50:44 PM,47.99,3,143.97,ASX,
3:50:44 PM,47.99,5,239.95,ASX,
3:50:44 PM,47.99,48,2303.52,ASX,
3:50:44 PM,48,1,48,ASX,NXXT
3:50:42 PM,48,3,144,ASX,
3:50:42 PM,48,6,288,ASX,
3:50:40 PM,47.99,58,2783.42,ASX,
3:50:40 PM,47.995,1,47.995,ASX,NXXT
3:50:40 PM,48,1,48,ASX,
3:50:39 PM,48,2,96,ASX,
3:50:39 PM,48,10,480,ASX,
3:50:39 PM,47.995,5,239.975,CXA,NX XT
3:50:39 PM,48,28,1344,ASX,
3:50:39 PM,48,11,528,ASX,
3:50:39 PM,48.01,12,576.12,CXA,NX XT
3:50:39 PM,48.01,26,1248.26,ASX,
3:50:39 PM,48.01,5,240.05,ASX,
3:50:39 PM,48.01,3,144.03,CXA,
3:50:39 PM,48,95,4560,ASX,
3:50:39 PM,48,45,2160,ASX,
3:50:39 PM,48.01,50,2400.5,ASX,
3:50:39 PM,48.01,27,1296.27,ASX,
3:50:39 PM,48.01,22,1056.22,ASX,
3:50:39 PM,48.01,28,1344.28,ASX,
3:50:39 PM,48.01,32,1536.32,ASX,
3:50:39 PM,48.01,42,2016.42,ASX,
3:50:39 PM,48.01,298,14306.98,ASX,
3:50:39 PM,48.01,51,2448.51,ASX,
3:50:39 PM,48.01,9,432.09,ASX,
3:50:39 PM,48.01,13,624.13,ASX,
3:50:39 PM,48.01,1,48.01,ASX,
3:50:39 PM,48.01,85,4080.85,ASX,
3:50:39 PM,48.01,11,528.11,CXA,
3:50:39 PM,48.01,24,1152.24,ASX,
3:50:39 PM,48.01,7,336.07,ASX,
3:50:39 PM,48,14,672,ASX,
3:50:39 PM,48,2,96,ASX,
3:50:39 PM,48,12,576,ASX,
3:50:39 PM,48,24,1152,ASX,
3:50:39 PM,47.99,2,95.98,ASX,CXXT
3:50:39 PM,47.99,14,671.86,ASX,CXXT
3:50:39 PM,48,5,240,CXA,
3:50:38 PM,47.99,1,47.99,ASX,NXXT
3:50:38 PM,47.99,4,191.96,ASX,NXXT
3:50:37 PM,47.99,50,2399.5,ASX,CXXT
3:50:36 PM,47.99,1,47.99,ASX,NXXT
3:50:34 PM,47.99,15,719.85,ASX,CXXT
3:50:34 PM,47.99,2,95.98,ASX,CXXT
3:50:34 PM,47.99,50,2399.5,ASX,CXXT
3:50:33 PM,47.99,1,47.99,ASX,NXXT
3:50:32 PM,47.99,1,47.99,ASX,NXXT
3:50:30 PM,47.99,1,47.99,ASX,NXXT
3:50:30 PM,47.99,100,4799,ASX,CXXT
3:50:28 PM,47.99,1,47.99,ASX,NXXT
3:50:26 PM,47.99,1,47.99,ASX,NXXT
3:50:25 PM,47.99,1,47.99,ASX,NXXT
3:50:25 PM,47.99,1,47.99,ASX,NXXT
3:50:24 PM,47.99,29,1391.71,ASX,
3:50:24 PM,47.99,32,1535.68,ASX,
3:50:23 PM,47.995,1,47.995,ASX,NXXT
3:50:23 PM,48,82,3936,ASX,
3:50:23 PM,48,11,528,ASX,
3:50:23 PM,48,45,2160,ASX,
3:50:23 PM,48,846,40608,ASX,
3:50:22 PM,48.005,1,48.005,ASX,NXXT
3:50:20 PM,48.005,1,48.005,ASX,NXXT
3:50:19 PM,48.005,1,48.005,ASX,NXXT
3:50:18 PM,48.005,1,48.005,ASX,NXXT
3:50:17 PM,48.01,1,48.01,CXA,
3:50:17 PM,48.005,1,48.005,ASX,NXXT
3:50:17 PM,48,3,144,ASX,
3:50:16 PM,48,1,48,ASX,
3:50:16 PM,48.01,17,816.17,ASX,
3:50:16 PM,48.01,2,96.02,ASX,
3:50:16 PM,48.01,9,432.09,ASX,
3:50:16 PM,48.01,97,4656.97,ASX,
3:50:16 PM,48.01,15,720.15,ASX,
3:50:16 PM,48.01,12,576.12,ASX,
3:50:16 PM,48.005,2,96.01,ASX,NXXT
3:50:16 PM,48.01,85,4080.85,ASX,
3:50:16 PM,48.01,35,1680.35,ASX,
3:50:16 PM,48.01,4,192.04,ASX,
3:50:16 PM,48,195,9360,ASX,
3:50:16 PM,48,12,576,CXA,
3:50:16 PM,48,3,144,CXA,
3:50:16 PM,48.01,18,864.18,ASX,
3:50:16 PM,48,12,576,ASX,
3:50:16 PM,48.01,50,2400.5,ASX,
3:50:16 PM,48.01,50,2400.5,ASX,
3:50:16 PM,48.01,50,2400.5,ASX,
3:50:16 PM,48.01,50,2400.5,ASX,
3:50:16 PM,48.01,50,2400.5,ASX,
3:50:16 PM,48.01,443,21268.43,ASX,
3:50:16 PM,48.01,100,4801,ASX,
3:50:16 PM,48,23,1104,ASX,
3:50:16 PM,48,13,624,ASX,
3:50:16 PM,48,24,1152,ASX,
3:50:16 PM,48,3,144,ASX,
3:50:16 PM,48,21,1008,ASX,
3:50:16 PM,48,1,48,ASX,
3:50:16 PM,48,207,9936,ASX,
3:50:16 PM,48,52,2496,ASX,
3:50:16 PM,48,15,720,ASX,
3:50:16 PM,48,12,576,CXA,
3:50:16 PM,48,1,48,CXA,
3:50:16 PM,48,9,432,CXA,
3:50:16 PM,48,13,624,CXA,
3:50:16 PM,47.99,4,191.96,ASX,CXXT
3:50:15 PM,47.99,5,239.95,ASX,NXXT
3:50:15 PM,47.99,1,47.99,ASX,NXXT
3:50:13 PM,47.985,1,47.985,ASX,NXXT
3:50:11 PM,47.985,1,47.985,ASX,NXXT
3:50:10 PM,48,23,1104,ASX,
3:50:10 PM,47.985,6,287.91,ASX,CXXT
3:50:02 PM,47.985,77,3694.845,CXA,NX XT
3:50:01 PM,47.98,25,1199.5,ASX,
3:50:01 PM,47.98,20,959.6,ASX,
3:50:01 PM,47.98,2,95.96,CXA,
3:50:01 PM,48,12,576,ASX,
3:50:01 PM,47.98,250,11995,ASX,
3:50:01 PM,47.98,15,719.7,ASX,
3:50:01 PM,47.98,14,671.72,ASX,
3:50:01 PM,47.98,27,1295.46,ASX,
3:50:01 PM,47.98,218,10459.64,ASX,
3:50:01 PM,47.98,11,527.78,ASX,
3:50:01 PM,47.98,6,287.88,ASX,
3:50:01 PM,47.99,74,3551.26,ASX,
3:50:01 PM,47.99,57,2735.43,ASX,
3:50:01 PM,47.99,45,2159.55,ASX,
3:50:01 PM,47.99,15,719.85,ASX,
3:50:01 PM,47.99,29,1391.71,ASX,
3:50:01 PM,47.99,43,2063.57,ASX,
3:50:01 PM,48,13,624,ASX,
3:50:01 PM,48,29,1392,ASX,
3:50:01 PM,48,59,2832,ASX,
3:50:01 PM,48,5,240,ASX,
3:50:01 PM,48,9,432,ASX,
3:50:01 PM,48,3,144,ASX,
3:50:01 PM,48,41,1968,ASX,
3:50:01 PM,48,21,1008,ASX,
3:50:01 PM,48,71,3408,ASX,
3:50:01 PM,48,10,480,ASX,
3:50:01 PM,48,535,25680,ASX,
3:50:01 PM,48,100,4800,ASX,
3:50:01 PM,48,200,9600,ASX,
3:50:01 PM,48,100,4800,ASX,
3:50:01 PM,48,100,4800,ASX,
3:50:01 PM,48,4,192,CXA,
3:50:01 PM,48,1,48,CXA,
3:50:01 PM,48,1,48,CXA,
3:50:01 PM,48,17,816,CXA,
3:50:00 PM,48,2,96,ASX,
3:49:52 PM,48,46,2208,ASX,
3:49:50 PM,48.005,1000,48005,ASX,CXXT
3:49:49 PM,48,50,2400,ASX,
3:49:49 PM,48,15,720,ASX,
3:49:48 PM,48,15,720,ASX,
3:49:48 PM,48.01,45,2160.45,ASX,
3:49:48 PM,48.01,12,576.12,ASX,
3:49:48 PM,48.01,50,2400.5,ASX,
3:49:47 PM,48.02,41,1968.82,ASX,
3:49:47 PM,48.02,3,144.06,ASX,
3:49:47 PM,48.02,25,1200.5,ASX,
3:49:47 PM,48.02,18,864.36,CXA,
3:49:47 PM,48.01,13,624.13,CXA,NX XT
3:49:47 PM,48,15,720,ASX,
3:49:47 PM,48.02,31,1488.62,ASX,
3:49:47 PM,48.02,1,48.02,ASX,
3:49:47 PM,48.02,10,480.2,ASX,
3:49:46 PM,48.02,11,528.22,ASX,
3:49:46 PM,48,35,1680,ASX,
3:49:46 PM,48.01,50,2400.5,ASX,
3:49:46 PM,48,3,144,ASX,
3:49:46 PM,48,7,336,ASX,
3:49:46 PM,48.01,15,720.15,ASX,
3:49:46 PM,48,37,1776,ASX,
3:49:46 PM,48,24,1152,ASX,
3:49:46 PM,48,28,1344,ASX,
3:49:46 PM,48,95,4560,ASX,
3:49:45 PM,47.98,5,239.9,ASX,
3:49:45 PM,47.99,9,431.91,ASX,
3:49:45 PM,47.98,6,287.88,ASX,
3:49:45 PM,47.99,48,2303.52,ASX,
3:49:45 PM,47.98,57,2734.86,ASX,XT
3:49:45 PM,47.98,101,4845.98,ASX,
3:49:45 PM,47.975,2,95.95,ASX,CXXT
3:49:44 PM,47.97,14,671.58,ASX,
3:49:44 PM,47.97,50,2398.5,ASX,
3:49:44 PM,47.98,102,4893.96,ASX,
3:49:44 PM,47.98,36,1727.28,ASX,
3:49:44 PM,47.99,35,1679.65,ASX,
3:49:44 PM,47.99,6,287.94,ASX,
3:49:44 PM,47.99,31,1487.69,ASX,
3:49:44 PM,47.99,37,1775.63,ASX,
3:49:44 PM,47.99,22,1055.78,ASX,
3:49:44 PM,47.99,23,1103.77,ASX,
3:49:44 PM,47.98,61,2926.78,ASX,
3:49:44 PM,47.98,22,1055.56,ASX,
3:49:44 PM,47.98,22,1055.56,ASX,
3:49:44 PM,47.98,5,239.9,ASX,
3:49:44 PM,47.98,63,3022.74,ASX,
3:49:44 PM,47.98,16,767.68,ASX,
3:49:44 PM,47.98,5,239.9,ASX,
3:49:44 PM,47.98,16,767.68,ASX,
3:49:44 PM,47.98,8,383.84,ASX,
3:49:44 PM,47.98,23,1103.54,ASX,
3:49:44 PM,47.98,21,1007.58,ASX,
3:49:44 PM,47.98,5,239.9,ASX,
3:49:44 PM,47.97,173,8298.81,ASX,CXXT
3:49:44 PM,47.98,1,47.98,CXA,
3:49:44 PM,47.98,2,95.96,CXA,
3:49:44 PM,47.98,17,815.66,CXA,
3:49:43 PM,47.97,48,2302.56,ASX,CXXT
3:49:43 PM,47.97,2,95.94,ASX,CXXT
3:49:42 PM,47.97,82,3933.54,CXA,NX XT
3:49:36 PM,47.97,100,4797,ASX,CXXT
3:49:36 PM,47.97,3,143.91,ASX,NXXT
3:49:33 PM,47.97,192,9210.24,CXA,NX XT
3:49:32 PM,47.975,219,10506.525,CXA,NX XT
3:49:32 PM,47.97,1,47.97,ASX,
3:49:32 PM,47.97,5,239.85,ASX,
3:49:32 PM,47.97,1,47.97,ASX,
3:49:32 PM,47.97,13,623.61,ASX,
3:49:32 PM,47.97,3,143.91,ASX,
3:49:31 PM,47.98,28,1343.44,ASX,
3:49:31 PM,47.98,11,527.78,ASX,
3:49:31 PM,47.98,2,95.96,CXA,
3:49:31 PM,47.97,5,239.85,ASX,
3:49:31 PM,47.97,28,1343.16,ASX,
3:49:31 PM,47.97,2,95.94,ASX,
3:49:31 PM,47.97,2,95.94,ASX,
3:49:31 PM,47.97,2,95.94,ASX,
3:49:31 PM,47.97,6,287.82,ASX,
3:49:29 PM,47.98,88,4222.24,ASX,
3:49:29 PM,47.98,28,1343.44,ASX,
3:49:29 PM,47.98,8,383.84,ASX,
3:49:29 PM,47.98,50,2399,ASX,
3:49:29 PM,47.98,42,2015.16,ASX,
3:49:29 PM,47.975,1,47.975,ASX,CXXT
3:49:29 PM,47.975,7,335.825,ASX,CXXT
3:49:26 PM,47.97,5,239.85,ASX,
3:49:26 PM,47.965,1,47.965,ASX,CXXT
3:49:26 PM,47.965,2,95.93,ASX,NXXT
3:49:26 PM,47.97,14,671.58,ASX,
3:49:26 PM,47.97,12,575.64,ASX,
3:49:26 PM,47.97,8,383.76,ASX,
3:49:26 PM,47.97,18,863.46,ASX,
3:49:26 PM,47.97,9,431.73,ASX,
3:49:26 PM,47.97,89,4269.33,ASX,
3:49:26 PM,47.97,12,575.64,ASX,
3:49:26 PM,47.97,1,47.97,ASX,
3:49:26 PM,47.97,5,239.85,CXA,
3:49:26 PM,47.97,6,287.82,CXA,
3:49:26 PM,47.97,2,95.94,CXA,
3:49:21 PM,47.96,16,767.36,ASX,
3:49:21 PM,47.96,12,575.52,ASX,
3:49:21 PM,47.96,6,287.76,ASX,
3:49:21 PM,47.965,1,47.965,ASX,CXXT
3:49:21 PM,47.965,1,47.965,ASX,CXXT
3:49:21 PM,47.965,2,95.93,ASX,NXXT
3:49:20 PM,47.97,1,47.97,ASX,NXXT
3:49:20 PM,47.97,1,47.97,ASX,NXXT
3:49:18 PM,47.97,201,9641.97,CXA,NX XT
3:49:17 PM,47.97,26,1247.22,CXA,NX XT
3:49:17 PM,47.96,4,191.84,ASX,
3:49:17 PM,47.965,1,47.965,ASX,CXXT
3:49:17 PM,47.98,50,2399,ASX,
3:49:17 PM,47.97,5,239.85,ASX,
3:49:16 PM,47.97,74,3549.78,ASX,
3:49:16 PM,47.97,50,2398.5,ASX,
3:49:16 PM,47.97,2,95.94,CXA,
3:49:16 PM,47.98,31,1487.38,ASX,
3:49:16 PM,47.98,6,287.88,ASX,XT
3:49:16 PM,47.98,28,1343.44,ASX,
3:49:16 PM,47.98,21,1007.58,ASX,
3:49:16 PM,47.97,6,287.82,CXA,
3:49:15 PM,47.97,124,5948.28,ASX,
3:49:15 PM,47.97,60,2878.2,ASX,
3:49:15 PM,47.97,1,47.97,ASX,
3:49:15 PM,47.97,32,1535.04,ASX,
3:49:14 PM,47.98,7,335.86,ASX,
3:49:14 PM,47.98,29,1391.42,ASX,
3:49:14 PM,47.98,57,2734.86,ASX,
3:49:14 PM,47.97,29,1391.13,ASX,
3:49:14 PM,47.97,137,6571.89,ASX,
3:49:14 PM,47.97,54,2590.38,ASX,
3:49:14 PM,47.97,27,1295.19,ASX,
3:49:14 PM,47.97,4,191.88,ASX,
3:49:14 PM,47.97,22,1055.34,ASX,
3:49:14 PM,47.97,21,1007.37,ASX,
3:49:14 PM,47.97,21,1007.37,ASX,
3:49:14 PM,47.965,188,9017.42,ASX,CXXT
3:49:14 PM,47.965,59,2829.935,ASX,CXXT
3:49:14 PM,47.965,100,4796.5,ASX,CXXT
3:49:14 PM,47.965,315,15108.975,ASX,CXXT
3:49:14 PM,47.965,50,2398.25,ASX,CXXT
3:49:14 PM,47.97,1,47.97,CXA,
3:49:14 PM,47.97,3,143.91,CXA,
3:49:14 PM,47.965,330,15828.45,ASX,CXXT
3:49:12 PM,47.965,18,863.37,ASX,CXXT
3:49:12 PM,47.96,2,95.92,ASX,
3:49:12 PM,47.96,1,47.96,ASX,
3:49:11 PM,47.95,5,239.75,ASX,
3:49:11 PM,47.97,1,47.97,ASX,NXXT
3:49:11 PM,47.97,1,47.97,ASX,CXXT
3:49:10 PM,47.95,39,1870.05,ASX,
3:49:10 PM,47.95,4,191.8,ASX,
3:49:10 PM,47.95,39,1870.05,ASX,
3:49:10 PM,47.95,50,2397.5,ASX,
3:49:10 PM,47.95,3,143.85,CXA,
3:49:07 PM,47.97,2,95.94,ASX,NXXT
3:49:07 PM,47.97,1,47.97,ASX,CXXT
3:49:05 PM,47.965,1,47.965,ASX,NXXT
3:49:03 PM,47.95,18,863.1,ASX,
3:49:03 PM,47.95,50,2397.5,ASX,
3:49:03 PM,47.95,1,47.95,ASX,
3:49:03 PM,47.95,58,2781.1,ASX,
3:49:03 PM,47.95,74,3548.3,ASX,
3:48:59 PM,47.98,1,47.98,ASX,NXXT
3:48:57 PM,47.95,46,2205.7,ASX,
3:48:57 PM,47.95,1,47.95,ASX,
3:48:57 PM,47.95,59,2829.05,ASX,
3:48:57 PM,47.95,7,335.65,ASX,
3:48:57 PM,47.98,150,7197,ASX,CXXT
3:48:56 PM,47.95,4,191.8,ASX,
3:48:55 PM,47.98,1,47.98,ASX,NXXT
3:48:55 PM,47.98,3,143.94,ASX,NXXT
3:48:53 PM,47.98,1,47.98,ASX,NXXT
3:48:53 PM,47.98,10,479.8,ASX,CXXT
3:48:53 PM,47.98,5,239.9,ASX,CXXT
3:48:53 PM,47.98,100,4798,ASX,CXXT
3:48:52 PM,47.95,12,575.4,ASX,
3:48:52 PM,47.95,49,2349.55,ASX,
3:48:52 PM,47.95,1,47.95,ASX,
3:48:52 PM,47.95,165,7911.75,ASX,
3:48:52 PM,47.95,32,1534.4,ASX,
3:48:52 PM,47.95,62,2972.9,ASX,
3:48:52 PM,47.95,17,815.15,CXA,
3:48:52 PM,47.95,45,2157.75,CXA,
3:48:51 PM,47.98,1,47.98,ASX,NXXT
3:48:47 PM,47.98,1,47.98,ASX,NXXT
3:48:47 PM,47.98,3,143.94,ASX,NXXT
3:48:43 PM,47.98,18,863.64,CXA,NX XT
3:48:42 PM,47.98,1,47.98,ASX,NXXT
3:48:40 PM,47.96,1,47.96,ASX,
3:48:40 PM,47.96,8,383.68,CXA,
3:48:40 PM,47.96,1,47.96,CXA,
3:48:40 PM,47.96,3,143.88,ASX,
3:48:40 PM,47.96,32,1534.72,ASX,
3:48:40 PM,47.96,84,4028.64,ASX,
3:48:40 PM,47.96,1,47.96,ASX,
3:48:40 PM,47.96,10,479.6,ASX,
3:48:40 PM,47.96,20,959.2,ASX,
3:48:39 PM,47.985,1,47.985,ASX,NXXT
3:48:39 PM,47.96,26,1246.96,ASX,
3:48:39 PM,47.96,59,2829.64,ASX,
3:48:39 PM,47.97,33,1583.01,ASX,
3:48:39 PM,47.97,21,1007.37,ASX,
3:48:39 PM,47.97,2,95.94,ASX,
3:48:39 PM,47.97,11,527.67,ASX,
3:48:39 PM,47.97,4,191.88,ASX,
3:48:39 PM,47.97,1,47.97,ASX,
3:48:39 PM,47.99,2,95.98,ASX,NXXT
3:48:36 PM,47.985,1,47.985,ASX,NXXT
3:48:34 PM,47.985,1,47.985,ASX,NXXT
3:48:33 PM,47.985,52,2495.22,CXA,NX XT
3:48:32 PM,47.985,3,143.955,ASX,NXXT
3:48:30 PM,47.985,15,719.775,ASX,CXXT
3:48:28 PM,47.995,20,959.9,ASX,CXXT
3:48:28 PM,47.97,1,47.97,ASX,
3:48:28 PM,47.97,59,2830.23,ASX,
3:48:28 PM,47.98,21,1007.58,ASX,
3:48:28 PM,47.98,5,239.9,ASX,
3:48:28 PM,47.98,13,623.74,ASX,
3:48:28 PM,47.98,60,2878.8,ASX,
3:48:28 PM,47.98,25,1199.5,ASX,
3:48:28 PM,47.995,1,47.995,ASX,NXXT
3:48:28 PM,47.995,3,143.985,ASX,NXXT
3:48:26 PM,47.995,210,10078.95,ASX,CXXT
3:48:24 PM,47.995,2,95.99,ASX,NXXT
3:48:23 PM,47.995,2,95.99,ASX,NXXT
3:48:23 PM,47.99,22,1055.78,ASX,
3:48:23 PM,47.99,8,383.92,ASX,
3:48:23 PM,47.99,9,431.91,ASX,
3:48:23 PM,47.99,25,1199.75,ASX,
3:48:23 PM,47.99,4,191.96,ASX,
3:48:23 PM,47.99,5,239.95,ASX,
3:48:23 PM,48,3,144,ASX,
3:48:23 PM,48,55,2640,ASX,
3:48:23 PM,48,31,1488,ASX,
3:48:23 PM,48,1,48,ASX,
3:48:23 PM,48,7,336,ASX,
3:48:23 PM,48.01,19,912.19,ASX,
3:48:23 PM,48.01,20,960.2,ASX,
3:48:23 PM,48.01,8,384.08,ASX,
3:48:19 PM,48.01,3,144.03,ASX,
3:48:19 PM,48.005,1,48.005,ASX,NXXT
3:48:16 PM,48.005,50,2400.25,ASX,CXXT
3:48:14 PM,48.005,70,3360.35,ASX,CXXT
3:48:13 PM,48.005,1,48.005,ASX,CXXT
3:48:13 PM,48.01,2,96.02,ASX,NXXT
3:48:13 PM,48.01,14,672.14,ASX,
3:48:13 PM,48.01,7,336.07,ASX,
3:48:13 PM,48.01,23,1104.23,CXA,
3:48:13 PM,48.01,6,288.06,CXA,
3:48:12 PM,48.005,1,48.005,ASX,NXXT
3:48:12 PM,48.01,3,144.03,ASX,
3:48:12 PM,48.01,7,336.07,ASX,
3:48:12 PM,48.01,3,144.03,ASX,
3:48:12 PM,48.01,16,768.16,ASX,
3:48:12 PM,48.01,29,1392.29,ASX,
3:48:12 PM,48.01,12,576.12,ASX,
3:48:12 PM,48.005,29,1392.145,ASX,CXXT
3:48:12 PM,48,50,2400,ASX,CXXT
3:48:11 PM,48.005,60,2880.3,ASX,CXXT
3:48:10 PM,48.005,60,2880.3,ASX,CXXT
3:48:08 PM,48,5,240,ASX,
3:48:08 PM,48.01,7,336.07,ASX,
3:48:08 PM,48.01,1,48.01,ASX,
3:48:08 PM,48.005,2,96.01,ASX,NXXT
3:48:08 PM,48.01,57,2736.57,ASX,
3:48:08 PM,48,3,144,ASX,
3:48:06 PM,48.01,3,144.03,ASX,
3:48:06 PM,48,61,2928,ASX,
3:48:06 PM,48,10,480,ASX,
3:48:06 PM,48,17,816,ASX,
3:48:06 PM,48,60,2880,ASX,
3:48:05 PM,48,3,144,ASX,
3:48:05 PM,48,10,480,ASX,
3:48:05 PM,48,6,288,ASX,
3:48:05 PM,48,24,1152,ASX,
3:48:05 PM,48,19,912,ASX,
3:48:05 PM,48,17,816,ASX,
3:48:05 PM,48,31,1488,ASX,
3:48:05 PM,48,18,864,ASX,
3:48:05 PM,48,57,2736,ASX,
3:48:05 PM,48,1,48,ASX,
3:48:05 PM,48,3,144,ASX,
3:48:05 PM,48,24,1152,ASX,
3:48:05 PM,47.995,43,2063.785,ASX,CXXT
3:48:05 PM,48,3,144,ASX,
3:48:05 PM,47.995,137,6575.315,ASX,CXXT
3:48:03 PM,47.995,1,47.995,ASX,NXXT
3:48:01 PM,47.995,1,47.995,ASX,NXXT
3:48:00 PM,47.995,2,95.99,ASX,NXXT
3:47:59 PM,48,2,96,ASX,
3:47:59 PM,48,15,720,ASX,
3:47:59 PM,48,1,48,ASX,
3:47:58 PM,48,1,48,ASX,
3:47:57 PM,48,4,192,ASX,
3:47:57 PM,48,9,432,ASX,
3:47:57 PM,48,24,1152,ASX,
3:47:57 PM,48,23,1104,ASX,
3:47:57 PM,48,992,47616,ASX,
3:47:57 PM,48,773,37104,ASX,
3:47:57 PM,48,1,48,CXA,
3:47:57 PM,48,14,672,CXA,
3:47:57 PM,48.015,2,96.03,ASX,NXXT
3:47:57 PM,48.03,12,576.36,ASX,
3:47:57 PM,48,790,37920,ASX,
3:47:57 PM,48.01,20,960.2,ASX,
3:47:57 PM,48.01,36,1728.36,ASX,
3:47:57 PM,48.01,2,96.02,ASX,
3:47:57 PM,48.01,46,2208.46,ASX,
3:47:57 PM,48.01,26,1248.26,ASX,
3:47:53 PM,48.02,1,48.02,ASX,
3:47:52 PM,48.02,2,96.04,ASX,NXXT
3:47:52 PM,48.02,1,48.02,ASX,
3:47:52 PM,48.02,25,1200.5,ASX,
3:47:52 PM,48.02,19,912.38,ASX,
3:47:52 PM,48.02,34,1632.68,ASX,
3:47:52 PM,48.02,74,3553.48,ASX,
3:47:52 PM,48.02,7,336.14,ASX,
3:47:46 PM,48.02,428,20552.56,ASX,
3:47:46 PM,48.02,1,48.02,CXA,
3:47:46 PM,48.02,5,240.1,CXA,
3:47:46 PM,48.02,11,528.22,CXA,
3:47:46 PM,48.02,1,48.02,CXA,
3:47:45 PM,48.03,26,1248.78,ASX,
3:47:44 PM,48.04,6,288.24,ASX,
3:47:44 PM,48.04,2,96.08,ASX,
3:47:44 PM,48.04,95,4563.8,ASX,
3:47:44 PM,48.04,9,432.36,ASX,
3:47:44 PM,48.04,41,1969.64,ASX,
3:47:44 PM,48.04,17,816.68,ASX,
3:47:44 PM,48.04,6,288.24,ASX,
3:47:44 PM,48.035,100,4803.5,ASX,CXXT
3:47:44 PM,48.035,6,288.21,CXA,CX
3:47:44 PM,48.04,1,48.04,ASX,
3:47:44 PM,48.04,8,384.32,ASX,
3:47:44 PM,48.04,30,1441.2,ASX,
3:47:44 PM,48.035,2,96.07,ASX,CXXT
3:47:44 PM,48.035,236,11336.26,ASX,CXXT
3:47:43 PM,48.035,1,48.035,ASX,NXXT
3:47:42 PM,48.035,6,288.21,CXA,NX XT
3:47:41 PM,48.04,12,576.48,ASX,
3:47:41 PM,48.025,1,48.025,ASX,NXXT
3:47:41 PM,48.03,3,144.09,CXA,
3:47:41 PM,48.025,100,4802.5,ASX,CXXT
3:47:41 PM,48.03,6,288.18,ASX,
3:47:41 PM,48.03,2,96.06,ASX,
3:47:41 PM,48.03,3,144.09,ASX,
3:47:41 PM,48.03,16,768.48,ASX,
3:47:41 PM,48.03,57,2737.71,ASX,
3:47:41 PM,48.03,5,240.15,ASX,
3:47:41 PM,48.03,33,1584.99,ASX,
3:47:39 PM,48.025,1,48.025,ASX,NXXT
3:47:38 PM,48.025,1,48.025,ASX,NXXT
3:47:37 PM,48.025,1,48.025,ASX,CXXT
3:47:35 PM,48.03,14,672.42,ASX,
3:47:35 PM,48.025,1,48.025,ASX,NXXT
3:47:34 PM,48.025,1,48.025,ASX,NXXT
3:47:34 PM,48.03,1,48.03,ASX,
3:47:34 PM,48.03,12,576.36,ASX,
3:47:34 PM,48.03,13,624.39,ASX,
3:47:34 PM,48.03,6,288.18,ASX,
3:47:33 PM,48.035,13,624.455,CXA,NX XT
3:47:32 PM,48.03,16,768.48,ASX,
3:47:32 PM,48.03,75,3602.25,ASX,
3:47:32 PM,48.03,8,384.24,ASX,
3:47:32 PM,48.03,15,720.45,ASX,
3:47:32 PM,48.03,17,816.51,CXA,
3:47:32 PM,48.03,6,288.18,CXA,
3:47:29 PM,48.025,1,48.025,ASX,NXXT
3:47:28 PM,48.025,14,672.35,CXA,NX XT
3:47:27 PM,48.03,1,48.03,ASX,
3:47:27 PM,48.03,262,12583.86,ASX,CXXT
3:47:27 PM,48.035,262,12585.17,ASX,CXXT
3:47:25 PM,48.03,2,96.06,ASX,NXXT
3:47:23 PM,48.03,2,96.06,ASX,NXXT
3:47:22 PM,48.04,14,672.56,ASX,
3:47:22 PM,48.04,12,576.48,ASX,
3:47:22 PM,48.03,1,48.03,ASX,
3:47:22 PM,48.03,2,96.06,ASX,
3:47:22 PM,48.035,1,48.035,ASX,CXXT
3:47:19 PM,48.035,2,96.07,ASX,NXXT
3:47:19 PM,48.03,90,4322.7,ASX,
3:47:19 PM,48.03,25,1200.75,ASX,
3:47:18 PM,48.03,11,528.33,ASX,
3:47:18 PM,48.03,50,2401.5,ASX,
3:47:18 PM,48.03,1,48.03,ASX,
3:47:18 PM,48.03,2,96.06,ASX,
3:47:18 PM,48.03,11,528.33,ASX,
3:47:18 PM,48.03,26,1248.78,ASX,
3:47:18 PM,48.03,23,1104.69,ASX,
3:47:14 PM,48.035,2,96.07,ASX,NXXT
3:47:14 PM,48.03,95,4562.85,ASX,
3:47:11 PM,48.04,47,2257.88,ASX,
3:47:11 PM,48.035,3,144.105,ASX,CXXT
3:47:09 PM,48.04,176,8455.04,ASX,
3:47:09 PM,48.04,12,576.48,ASX,
3:47:09 PM,48.03,3,144.09,ASX,
3:47:09 PM,48.03,10,480.3,ASX,
3:47:09 PM,48.02,96,4609.92,ASX,
3:47:08 PM,48.02,56,2689.12,ASX,
3:47:08 PM,48.03,393,18875.79,ASX,CXXT
3:47:08 PM,48.02,2,96.04,ASX,
3:47:08 PM,48.02,3,144.06,ASX,
3:47:08 PM,48.02,10,480.2,ASX,
3:47:08 PM,48.02,31,1488.62,ASX,
3:47:07 PM,48.02,12,576.24,ASX,
3:47:07 PM,48.02,31,1488.62,ASX,
3:47:07 PM,48.02,50,2401,ASX,
3:47:07 PM,48.03,13,624.39,ASX,
3:47:07 PM,48.01,3,144.03,ASX,
3:47:07 PM,48.01,11,528.11,ASX,
3:47:07 PM,48.02,12,576.24,ASX,
3:47:07 PM,48.02,13,624.26,ASX,
3:47:07 PM,48.02,1,48.02,ASX,
3:47:07 PM,48.02,5,240.1,CXA,
3:47:07 PM,48,28,1344,ASX,
3:47:07 PM,48,436,20928,ASX,
3:47:07 PM,48,28,1344,ASX,
3:47:07 PM,48,56,2688,ASX,
3:47:07 PM,48,229,10992,ASX,
3:47:07 PM,48,1,48,ASX,
3:47:07 PM,48,13,624,ASX,
3:47:07 PM,47.99,54,2591.46,ASX,
3:47:07 PM,47.99,16,767.84,ASX,
3:47:07 PM,47.99,28,1343.72,ASX,
3:47:07 PM,47.99,50,2399.5,ASX,
3:47:07 PM,47.98,229,10987.42,ASX,
3:47:07 PM,47.98,26,1247.48,ASX,
3:47:07 PM,47.98,24,1151.52,ASX,
3:47:07 PM,47.97,24,1151.28,ASX,
3:47:07 PM,47.97,28,1343.16,ASX,
3:47:07 PM,47.97,26,1247.22,ASX,
3:47:07 PM,47.97,24,1151.28,ASX,
3:47:07 PM,47.97,22,1055.34,ASX,
3:47:07 PM,47.97,22,1055.34,ASX,
3:47:07 PM,47.97,46,2206.62,ASX,
3:47:07 PM,47.96,28,1342.88,ASX,
3:47:07 PM,47.96,28,1342.88,ASX,
3:47:07 PM,47.96,26,1246.96,ASX,
3:47:07 PM,47.96,50,2398,ASX,
3:47:07 PM,47.95,44,2109.8,ASX,
3:47:07 PM,47.95,28,1342.6,ASX,
3:47:07 PM,47.95,9,431.55,ASX,
3:47:07 PM,47.95,176,8439.2,ASX,
3:47:07 PM,47.95,13,623.35,ASX,
3:47:07 PM,47.95,28,1342.6,ASX,
3:47:07 PM,47.95,20,959,ASX,
3:47:07 PM,47.95,35,1678.25,ASX,
3:47:07 PM,47.94,10,479.4,ASX,
3:47:07 PM,47.94,46,2205.24,ASX,
3:47:07 PM,47.94,24,1150.56,ASX,
3:47:07 PM,47.94,2,95.88,ASX,
3:47:07 PM,47.94,4,191.76,ASX,
3:47:07 PM,47.94,37,1773.78,ASX,
3:47:07 PM,47.94,38,1821.72,ASX,
3:47:07 PM,47.94,166,7958.04,ASX,
3:47:07 PM,47.94,25,1198.5,ASX,
3:47:07 PM,47.94,38,1821.72,ASX,
3:47:07 PM,47.99,90,4319.1,CXA,
3:47:07 PM,47.97,15,719.55,CXA,
3:47:07 PM,47.96,15,719.4,CXA,
3:47:07 PM,47.95,15,719.25,CXA,
3:47:07 PM,47.95,9,431.55,CXA,
3:47:07 PM,47.94,2,95.88,CXA,
3:47:07 PM,47.94,1,47.94,CXA,
3:47:07 PM,47.94,4,191.76,CXA,
3:47:07 PM,47.92,6,287.52,ASX,CXXT
3:47:07 PM,47.92,3,143.76,ASX,CXXT
3:47:06 PM,47.915,1,47.915,ASX,NXXT
3:47:06 PM,47.915,3,143.745,ASX,NXXT
3:47:05 PM,47.915,1,47.915,ASX,NXXT
3:47:03 PM,47.9,54,2586.6,ASX,
3:47:03 PM,47.9,5,239.5,ASX,
3:47:03 PM,47.9,3,143.7,ASX,
3:47:03 PM,47.9,12,574.8,ASX,
3:47:03 PM,47.9,12,574.8,ASX,
3:47:03 PM,47.9,1,47.9,ASX,
3:47:03 PM,47.9,2,95.8,ASX,
3:47:03 PM,47.9,40,1916,ASX,
3:47:03 PM,47.9,46,2203.4,ASX,
3:47:03 PM,47.9,6,287.4,ASX,
3:47:03 PM,47.9,3,143.7,ASX,
3:47:03 PM,47.9,42,2011.8,ASX,
3:47:03 PM,47.9,34,1628.6,ASX,
3:47:03 PM,47.9,28,1341.2,ASX,
3:47:03 PM,47.9,50,2395,ASX,
3:47:03 PM,47.9,4,191.6,CXA,
3:47:03 PM,47.9,15,718.5,CXA,
3:47:01 PM,47.92,1,47.92,ASX,NXXT
3:46:58 PM,47.92,1,47.92,ASX,NXXT
3:46:54 PM,47.91,2,95.82,ASX,
3:46:54 PM,47.91,27,1293.57,ASX,
3:46:54 PM,47.91,42,2012.22,ASX,
3:46:54 PM,47.91,60,2874.6,ASX,
3:46:54 PM,47.91,44,2108.04,ASX,
3:46:54 PM,47.92,1,47.92,ASX,
3:46:53 PM,47.94,12,575.28,ASX,
3:46:52 PM,47.92,2,95.84,ASX,NXXT
3:46:52 PM,47.92,3,143.76,ASX,NXXT
3:46:51 PM,47.91,41,1964.31,ASX,
3:46:51 PM,47.91,50,2395.5,ASX,
3:46:51 PM,47.925,1,47.925,ASX,CXXT
3:46:48 PM,47.91,23,1101.93,ASX,
3:46:48 PM,47.91,1,47.91,ASX,
3:46:48 PM,47.91,1,47.91,ASX,
3:46:47 PM,47.925,3,143.775,ASX,NXXT
3:46:47 PM,47.925,1,47.925,ASX,NXXT
3:46:45 PM,47.91,1,47.91,ASX,
3:46:45 PM,47.91,38,1820.58,ASX,
3:46:45 PM,47.91,28,1341.48,ASX,
3:46:45 PM,47.91,1,47.91,ASX,
3:46:45 PM,47.91,58,2778.78,ASX,
3:46:45 PM,47.91,14,670.74,CXA,
3:46:44 PM,47.92,5,239.6,ASX,
3:46:44 PM,47.92,6,287.52,ASX,
3:46:43 PM,47.93,20,958.6,ASX,
3:46:43 PM,47.93,30,1437.9,ASX,
3:46:43 PM,47.93,1,47.93,ASX,
3:46:43 PM,47.94,23,1102.62,CXA,NX XT
3:46:43 PM,47.94,3,143.82,ASX,
3:46:43 PM,47.94,2,95.88,ASX,
3:46:43 PM,47.94,22,1054.68,ASX,
3:46:43 PM,47.94,43,2061.42,ASX,
3:46:43 PM,47.94,40,1917.6,ASX,
3:46:43 PM,47.94,15,719.1,ASX,
3:46:43 PM,47.94,54,2588.76,ASX,
3:46:43 PM,47.955,1,47.955,ASX,CXXT
3:46:43 PM,47.94,2,95.88,CXA,
3:46:43 PM,47.94,4,191.76,CXA,
3:46:40 PM,47.955,2,95.91,ASX,NXXT
3:46:38 PM,47.96,6,287.76,CXA,NX XT
3:46:37 PM,47.97,12,575.64,ASX,
3:46:37 PM,47.955,1,47.955,ASX,CXXT
3:46:37 PM,47.955,2,95.91,ASX,NXXT
3:46:35 PM,47.97,1,47.97,CXA,
3:46:33 PM,47.955,1,47.955,ASX,NXXT
3:46:32 PM,47.96,3,143.88,ASX,NXXT
3:46:31 PM,47.955,1,47.955,ASX,NXXT
3:46:30 PM,47.97,13,623.61,ASX,
3:46:30 PM,47.97,12,575.64,ASX,
3:46:30 PM,47.97,8,383.76,ASX,
3:46:30 PM,47.97,11,527.67,ASX,
3:46:30 PM,47.97,7,335.79,ASX,
3:46:30 PM,47.97,49,2350.53,ASX,
3:46:29 PM,47.94,13,623.22,ASX,
3:46:29 PM,47.94,55,2636.7,ASX,
3:46:29 PM,47.94,8,383.52,ASX,
3:46:29 PM,47.94,21,1006.74,ASX,
3:46:27 PM,47.95,1,47.95,ASX,
3:46:27 PM,47.95,44,2109.8,ASX,
3:46:27 PM,47.95,2,95.9,ASX,
3:46:27 PM,47.95,16,767.2,ASX,
3:46:27 PM,47.95,6,287.7,ASX,
3:46:27 PM,47.95,75,3596.25,ASX,
3:46:27 PM,47.965,1,47.965,ASX,CXXT
3:46:27 PM,47.95,11,527.45,CXA,
3:46:26 PM,47.96,61,2925.56,ASX,
3:46:26 PM,47.96,3,143.88,ASX,
3:46:26 PM,47.96,48,2302.08,ASX,
3:46:26 PM,47.97,1,47.97,ASX,CXXT
3:46:25 PM,47.975,1,47.975,ASX,NXXT
3:46:25 PM,47.97,1,47.97,ASX,
3:46:25 PM,47.97,32,1535.04,ASX,
3:46:25 PM,47.97,42,2014.74,ASX,
3:46:25 PM,47.97,1,47.97,ASX,
3:46:25 PM,47.97,18,863.46,ASX,
3:46:25 PM,47.97,47,2254.59,ASX,
3:46:25 PM,47.98,10,479.8,ASX,
3:46:25 PM,47.98,26,1247.48,ASX,
3:46:25 PM,47.98,75,3598.5,ASX,
3:46:22 PM,47.99,1,47.99,ASX,NXXT
3:46:22 PM,47.98,8,383.84,ASX,
3:46:22 PM,47.99,4,191.96,ASX,
3:46:22 PM,47.99,1,47.99,ASX,
3:46:22 PM,47.99,4,191.96,ASX,
3:46:21 PM,47.99,26,1247.74,ASX,
3:46:21 PM,47.99,305,14636.95,ASX,
3:46:20 PM,47.99,11,527.89,ASX,
3:46:20 PM,48,11,528,ASX,
3:46:20 PM,48,1,48,ASX,
3:46:20 PM,47.99,44,2111.56,ASX,
3:46:20 PM,47.99,12,575.88,CXA,NX XT
3:46:20 PM,47.99,1,47.99,ASX,
3:46:19 PM,48,124,5952,ASX,
3:46:19 PM,48,50,2400,ASX,
3:46:19 PM,48,50,2400,ASX,
3:46:19 PM,48,50,2400,ASX,
3:46:19 PM,48,84,4032,ASX,
3:46:19 PM,48,152,7296,ASX,
3:46:19 PM,48,51,2448,ASX,
3:46:19 PM,48,44,2112,ASX,
3:46:19 PM,47.99,15,719.85,ASX,
3:46:19 PM,47.99,29,1391.71,ASX,
3:46:19 PM,47.99,231,11085.69,ASX,
3:46:19 PM,47.99,4,191.96,ASX,
3:46:19 PM,47.99,3,143.97,ASX,
3:46:19 PM,47.99,149,7150.51,ASX,
3:46:19 PM,47.99,19,911.81,ASX,
3:46:19 PM,47.99,50,2399.5,ASX,
3:46:19 PM,47.99,45,2159.55,ASX,
3:46:19 PM,47.99,4,191.96,ASX,
3:46:19 PM,47.99,13,623.87,ASX,
3:46:19 PM,47.98,2,95.96,ASX,CXXT
3:46:19 PM,47.98,37,1775.26,ASX,CXXT
3:46:19 PM,47.98,563,27012.74,ASX,CXXT
3:46:19 PM,47.98,100,4798,ASX,CXXT
3:46:19 PM,47.98,100,4798,ASX,CXXT
3:46:19 PM,47.98,100,4798,ASX,CXXT
3:46:19 PM,47.98,100,4798,ASX,CXXT
3:46:19 PM,47.99,13,623.87,CXA,
3:46:19 PM,47.99,6,287.94,CXA,
3:46:19 PM,47.99,1,47.99,CXA,
3:46:19 PM,47.99,11,527.89,CXA,
3:46:19 PM,47.99,1,47.99,CXA,
3:46:19 PM,47.99,1,47.99,CXA,
3:46:19 PM,47.98,1,47.98,ASX,NXXT
3:46:17 PM,47.98,1,47.98,ASX,NXXT
3:46:17 PM,47.98,4,191.92,ASX,NXXT
3:46:16 PM,47.98,1,47.98,ASX,NXXT
3:46:13 PM,47.99,2,95.98,CXA,
3:46:13 PM,47.98,2,95.96,ASX,NXXT
3:46:07 PM,47.98,1,47.98,ASX,NXXT
3:46:07 PM,47.97,20,959.4,ASX,
3:46:07 PM,47.97,13,623.61,CXA,
3:46:07 PM,47.98,4,191.92,ASX,NXXT
3:46:06 PM,47.98,2,95.96,ASX,NXXT
3:46:04 PM,47.99,10,479.9,ASX,
3:46:04 PM,47.99,1,47.99,ASX,
3:46:04 PM,47.99,6,287.94,ASX,
3:46:03 PM,48,12,576,ASX,
3:46:03 PM,47.98,1,47.98,ASX,
3:46:03 PM,47.98,20,959.6,ASX,
3:46:03 PM,47.98,19,911.62,ASX,
3:46:03 PM,47.98,29,1391.42,ASX,
3:46:03 PM,47.98,26,1247.48,ASX,
3:46:03 PM,47.98,54,2590.92,ASX,
3:46:03 PM,48,1,48,ASX,CXXT
3:46:00 PM,47.99,12,575.88,ASX,
3:46:00 PM,47.99,1,47.99,ASX,
3:46:00 PM,47.98,13,623.74,CXA,
3:45:59 PM,48.015,1,48.015,ASX,NXXT
3:45:59 PM,47.99,10,479.9,CXA,
3:45:59 PM,47.99,13,623.87,CXA,
3:45:59 PM,47.98,65,3118.7,ASX,
3:45:59 PM,47.99,9,431.91,ASX,
3:45:59 PM,47.99,1,47.99,ASX,
3:45:59 PM,47.99,72,3455.28,ASX,
3:45:59 PM,47.99,254,12189.46,ASX,
3:45:59 PM,47.99,26,1247.74,ASX,
3:45:59 PM,47.99,51,2447.49,ASX,
3:45:59 PM,48,58,2784,ASX,
3:45:59 PM,48,76,3648,ASX,
3:45:56 PM,48.015,1,48.015,ASX,NXXT
3:45:56 PM,48,21,1008,ASX,
3:45:53 PM,48.015,1,48.015,ASX,NXXT
3:45:51 PM,48.015,1,48.015,ASX,NXXT
3:45:49 PM,48.015,1,48.015,ASX,NXXT
3:45:47 PM,48.015,2,96.03,ASX,NXXT
3:45:45 PM,48.04,12,576.48,ASX,
3:45:45 PM,48.015,2,96.03,ASX,NXXT
3:45:43 PM,48.015,1,48.015,ASX,NXXT
3:45:43 PM,48.015,3,144.045,ASX,NXXT
3:45:42 PM,48,315,15120,ASX,
3:45:42 PM,48,76,3648,ASX,XT
3:45:42 PM,48,24,1152,ASX,
3:45:42 PM,48,32,1536,ASX,
3:45:42 PM,48,73,3504,ASX,
3:45:42 PM,48,26,1248,ASX,
3:45:42 PM,48,400,19200,ASX,
3:45:42 PM,48,62,2976,ASX,
3:45:42 PM,48,55,2640,ASX,
3:45:42 PM,48,163,7824,ASX,
3:45:42 PM,48,11,528,CXA,
3:45:42 PM,48,12,576,CXA,
3:45:42 PM,48,13,624,CXA,
3:45:42 PM,48.02,5,240.1,CXA,NX XT
3:45:42 PM,48.03,1,48.03,ASX,
3:45:42 PM,48.025,2,96.05,ASX,CXXT
3:45:41 PM,48.01,10,480.1,ASX,
3:45:41 PM,48.01,1,48.01,ASX,
3:45:41 PM,48.01,1,48.01,ASX,
3:45:41 PM,48.01,54,2592.54,ASX,
3:45:41 PM,48.01,50,2400.5,ASX,
3:45:41 PM,48.01,1,48.01,CXA,
3:45:40 PM,48.025,3,144.075,ASX,NXXT
3:45:39 PM,48.01,1,48.01,ASX,
3:45:39 PM,48.01,29,1392.29,ASX,
3:45:39 PM,48.01,13,624.13,ASX,
3:45:39 PM,48.01,20,960.2,ASX,
3:45:39 PM,48.01,53,2544.53,ASX,
3:45:39 PM,48.01,6,288.06,ASX,
3:45:34 PM,48.01,3,144.03,ASX,
3:45:34 PM,48.025,2,96.05,ASX,NXXT
3:45:33 PM,48.01,3,144.03,ASX,
3:45:33 PM,48.025,2,96.05,ASX,NXXT
3:45:27 PM,48.02,1,48.02,ASX,NXXT
3:45:27 PM,48.02,3,144.06,ASX,NXXT
3:45:26 PM,48.04,12,576.48,ASX,
3:45:26 PM,48,137,6576,ASX,
3:45:26 PM,48,59,2832,ASX,
3:45:26 PM,48.025,1,48.025,ASX,NXXT
3:45:25 PM,48.01,29,1392.29,ASX,
3:45:25 PM,48.01,26,1248.26,ASX,
3:45:25 PM,48.01,27,1296.27,ASX,
3:45:25 PM,48.01,53,2544.53,ASX,
3:45:25 PM,48.01,50,2400.5,ASX,
3:45:25 PM,48.02,13,624.26,CXA,
3:45:25 PM,48.02,15,720.3,ASX,
3:45:25 PM,48.02,26,1248.52,ASX,
3:45:25 PM,48.02,22,1056.44,ASX,
3:45:25 PM,48.02,23,1104.46,ASX,
3:45:24 PM,48.03,18,864.54,CXA,
3:45:24 PM,48.04,11,528.44,ASX,
3:45:24 PM,48.04,12,576.48,ASX,
3:45:24 PM,48.03,29,1392.87,ASX,
3:45:24 PM,48.03,157,7540.71,ASX,
3:45:24 PM,48.03,26,1248.78,ASX,
3:45:24 PM,48.03,17,816.51,ASX,
3:45:24 PM,48.04,11,528.44,ASX,
3:45:24 PM,48.04,40,1921.6,ASX,
3:45:24 PM,48.04,30,1441.2,ASX,
3:45:24 PM,48.04,40,1921.6,ASX,
3:45:24 PM,48.04,144,6917.76,ASX,
3:45:24 PM,48.04,42,2017.68,ASX,
3:45:24 PM,48.04,27,1297.08,ASX,
3:45:24 PM,48.04,26,1249.04,ASX,
3:45:24 PM,48.04,13,624.52,ASX,
3:45:24 PM,48.04,6,288.24,ASX,
3:45:24 PM,48.04,1,48.04,CXA,
3:45:24 PM,48.04,4,192.16,CXA,
3:45:24 PM,48.04,5,240.2,CXA,
3:45:24 PM,48.04,13,624.52,CXA,
3:45:23 PM,48.045,1,48.045,ASX,NXXT
3:45:23 PM,48.045,250,12011.25,ASX,CXXT
3:45:23 PM,48.05,1,48.05,ASX,
3:45:22 PM,48.05,1,48.05,ASX,
3:45:20 PM,48.06,1,48.06,ASX,NXXT
3:45:20 PM,48.05,47,2258.35,ASX,
3:45:20 PM,48.05,50,2402.5,ASX,
3:45:19 PM,48.05,1,48.05,ASX,
3:45:17 PM,48.055,1,48.055,ASX,NXXT
3:45:17 PM,48.055,2,96.11,ASX,NXXT
3:45:15 PM,48.06,1000,48060,ASX,CXXT
3:45:14 PM,48.05,13,624.65,ASX,
3:45:14 PM,48.05,1,48.05,ASX,
3:45:14 PM,48.05,4,192.2,ASX,
3:45:14 PM,48.05,26,1249.3,ASX,
3:45:14 PM,48.05,8,384.4,ASX,
3:45:14 PM,48.05,15,720.75,ASX,
3:45:14 PM,48.05,13,624.65,CXA,
3:45:13 PM,48.06,1,48.06,ASX,
3:45:13 PM,48.06,27,1297.62,ASX,
3:45:13 PM,48.06,67,3220.02,ASX,
3:45:13 PM,48.06,28,1345.68,ASX,
3:45:13 PM,48.06,9,432.54,ASX,
3:45:13 PM,48.06,2,96.12,ASX,
3:45:13 PM,48.06,26,1249.56,ASX,
3:45:13 PM,48.07,100,4807,ASX,CXXT
3:45:12 PM,48.08,2,96.16,ASX,
3:45:12 PM,48.08,7,336.56,ASX,
3:45:12 PM,48.07,2,96.14,ASX,CXXT
3:45:09 PM,48.07,1,48.07,ASX,CXXT
3:45:05 PM,48.07,4,192.28,ASX,
3:45:05 PM,48.07,13,624.91,ASX,
3:45:05 PM,48.07,4,192.28,ASX,
3:45:05 PM,48.07,51,2451.57,ASX,
3:45:05 PM,48.07,54,2595.78,ASX,
3:45:05 PM,48.07,12,576.84,ASX,
3:45:05 PM,48.07,43,2067.01,ASX,
3:45:05 PM,48.07,1,48.07,CXA,
3:45:01 PM,48.075,124,5961.3,ASX,CXXT
3:45:01 PM,48.075,338,16249.35,ASX,CXXT
3:45:01 PM,48.08,50,2404,ASX,
3:45:01 PM,48.075,100,4807.5,ASX,CXXT
3:45:01 PM,48.075,123,5913.225,ASX,CXXT
3:44:59 PM,48.06,2,96.12,ASX,
3:44:59 PM,48.07,23,1105.61,ASX,
3:44:59 PM,48.07,19,913.33,ASX,
3:44:58 PM,48.075,183,8797.725,ASX,CXXT
3:44:58 PM,48.07,10,480.7,ASX,
3:44:58 PM,48.07,26,1249.82,ASX,
3:44:58 PM,48.07,20,961.4,ASX,
3:44:58 PM,48.07,2,96.14,ASX,
3:44:56 PM,48.07,10,480.7,ASX,
3:44:56 PM,48.07,2,96.14,ASX,
3:44:56 PM,48.065,1,48.065,ASX,CXXT
3:44:55 PM,48.06,2,96.12,ASX,
3:44:55 PM,48.07,1,48.07,ASX,
3:44:55 PM,48.06,11,528.66,ASX,
3:44:55 PM,48.06,1,48.06,ASX,
3:44:55 PM,48.07,3,144.21,ASX,
3:44:55 PM,48.07,4,192.28,ASX,
3:44:54 PM,48.07,5,240.35,ASX,
3:44:54 PM,48.07,25,1201.75,CXA,CX
3:44:53 PM,48.07,3,144.21,ASX,NXXT
3:44:53 PM,48.07,49,2355.43,ASX,
3:44:53 PM,48.07,1,48.07,ASX,
3:44:53 PM,48.06,4,192.24,ASX,
3:44:53 PM,48.06,18,865.08,ASX,
3:44:53 PM,48.06,38,1826.28,ASX,
3:44:53 PM,48.06,24,1153.44,ASX,
3:44:46 PM,48.06,20,961.2,ASX,
3:44:46 PM,48.06,15,720.9,ASX,
3:44:46 PM,48.07,12,576.84,ASX,
3:44:46 PM,48.07,1,48.07,ASX,
3:44:44 PM,48.08,14,673.12,ASX,
3:44:42 PM,48.07,3,144.21,ASX,NXXT
3:44:40 PM,48.08,1,48.08,ASX,
3:44:40 PM,48.08,1,48.08,ASX,
3:44:40 PM,48.08,1,48.08,ASX,
3:44:40 PM,48.08,10,480.8,ASX,
3:44:40 PM,48.08,2,96.16,ASX,
3:44:40 PM,48.08,1,48.08,ASX,
3:44:40 PM,48.07,13,624.91,ASX,
3:44:40 PM,48.07,2,96.14,ASX,
3:44:36 PM,48.09,15,721.35,ASX,
3:44:36 PM,48.09,1,48.09,ASX,
3:44:36 PM,48.07,24,1153.68,ASX,
3:44:36 PM,48.07,6,288.42,ASX,
3:44:36 PM,48.07,9,432.63,ASX,
3:44:36 PM,48.08,21,1009.68,ASX,
3:44:36 PM,48.08,25,1202,ASX,
3:44:36 PM,48.08,22,1057.76,ASX,
3:44:36 PM,48.08,26,1250.08,ASX,
3:44:36 PM,48.08,27,1298.16,ASX,
3:44:36 PM,48.08,53,2548.24,ASX,
3:44:36 PM,48.08,54,2596.32,ASX,
3:44:36 PM,48.09,1,48.09,ASX,
3:44:36 PM,48.08,1,48.08,CXA,
3:44:36 PM,48.08,13,625.04,CXA,
3:44:30 PM,48.09,8,384.72,ASX,
3:44:30 PM,48.09,31,1490.79,ASX,
3:44:28 PM,48.09,1,48.09,ASX,
3:44:28 PM,48.09,1,48.09,ASX,
3:44:26 PM,48.095,44,2116.18,CXA,CX
3:44:26 PM,48.095,45,2164.275,CXA,CX
3:44:24 PM,48.09,26,1250.34,ASX,
3:44:24 PM,48.09,20,961.8,ASX,
3:44:24 PM,48.09,56,2693.04,ASX,
3:44:24 PM,48.09,22,1057.98,ASX,
3:44:21 PM,48.09,28,1346.52,ASX,
3:44:20 PM,48.11,1,48.11,ASX,
3:44:20 PM,48.11,2,96.22,ASX,
3:44:20 PM,48.095,1,48.095,ASX,CXXT
3:44:20 PM,48.105,1,48.105,ASX,NXXT
3:44:19 PM,48.1,3,144.3,ASX,NXXT
3:44:19 PM,48.11,4,192.44,ASX,
3:44:19 PM,48.11,8,384.88,ASX,
3:44:19 PM,48.11,5,240.55,ASX,
3:44:17 PM,48.09,38,1827.42,ASX,
3:44:17 PM,48.09,4,192.36,ASX,
3:44:16 PM,48.11,44,2116.84,ASX,
3:44:16 PM,48.11,6,288.66,ASX,
3:44:16 PM,48.1,8,384.8,ASX,CXXT
3:44:16 PM,48.08,13,625.04,ASX,
3:44:16 PM,48.08,50,2404,ASX,
3:44:16 PM,48.09,7,336.63,ASX,
3:44:16 PM,48.09,12,577.08,ASX,
3:44:16 PM,48.09,48,2308.32,ASX,
3:44:16 PM,48.1,50,2405,ASX,
3:44:16 PM,48.11,11,529.21,ASX,
3:44:16 PM,48.11,19,914.09,ASX,
3:44:16 PM,48.07,73,3509.11,CXA,
3:44:16 PM,48.07,1,48.07,CXA,
3:44:16 PM,48.07,13,624.91,CXA,
3:44:16 PM,48.12,22,1058.64,ASX,
3:44:16 PM,48.11,3,144.33,ASX,
3:44:16 PM,48.11,5,240.55,ASX,
3:44:16 PM,48.1,2,96.2,CXA,
3:44:15 PM,48.1,50,2405,ASX,
3:44:15 PM,48.11,13,625.43,ASX,
3:44:15 PM,48.08,2,96.16,ASX,
3:44:15 PM,48.08,1,48.08,CXA,
3:44:15 PM,48.08,2,96.16,ASX,
3:44:15 PM,48.08,12,576.96,ASX,
3:44:15 PM,48.08,7,336.56,ASX,
3:44:15 PM,48.08,14,673.12,ASX,
3:44:15 PM,48.08,48,2307.84,ASX,
3:44:14 PM,48.08,31,1490.48,ASX,
3:44:14 PM,48.07,20,961.4,CXA,CX
3:44:14 PM,48.07,6,288.42,ASX,
3:44:14 PM,48.08,10,480.8,ASX,
3:44:14 PM,48.08,23,1105.84,ASX,
3:44:14 PM,48.08,29,1394.32,ASX,
3:44:14 PM,48.08,45,2163.6,ASX,
3:44:14 PM,48.08,17,817.36,ASX,
3:44:14 PM,48.07,3,144.21,ASX,
3:44:14 PM,48.07,3,144.21,ASX,
3:44:14 PM,48.07,57,2739.99,ASX,
3:44:14 PM,48.07,56,2691.92,ASX,XT
3:44:14 PM,48.07,3,144.21,ASX,
3:44:14 PM,48.07,26,1249.82,ASX,
3:44:14 PM,48.07,28,1345.96,ASX,
3:44:14 PM,48.07,15,721.05,ASX,
3:44:14 PM,48.065,3,144.195,ASX,CXXT
3:44:14 PM,48.07,3,144.21,CXA,
3:44:14 PM,48.065,9,432.585,CXA,CX
3:44:14 PM,48.065,9,432.585,CXA,CX
3:44:14 PM,48.065,9,432.585,CXA,CX
3:44:14 PM,48.06,1,48.06,ASX,NXXT
3:44:13 PM,48.05,4,192.2,ASX,
3:44:12 PM,48.05,4,192.2,ASX,
3:44:11 PM,48.05,12,576.6,ASX,
3:44:11 PM,48.05,50,2402.5,ASX,
3:44:11 PM,48.05,36,1729.8,ASX,
3:44:10 PM,48.06,5,240.3,ASX,
3:44:10 PM,48.06,55,2643.3,ASX,
3:44:10 PM,48.05,2,96.1,ASX,
3:44:10 PM,48.05,21,1009.05,ASX,
3:44:10 PM,48.05,10,480.5,ASX,
3:44:10 PM,48.05,53,2546.65,ASX,
3:44:10 PM,48.05,15,720.75,ASX,
3:44:10 PM,48.05,6,288.3,ASX,
3:44:10 PM,48.05,33,1585.65,ASX,
3:44:10 PM,48.05,51,2450.55,ASX,
3:44:10 PM,48.05,1,48.05,CXA,
3:44:10 PM,48.05,7,336.35,CXA,
3:44:10 PM,48.045,8,384.36,CXA,CX
3:44:10 PM,48.04,2,96.08,ASX,NXXT
3:44:10 PM,48.04,19,912.76,CXA,CX
3:44:07 PM,48.04,2,96.08,ASX,NXXT
3:44:01 PM,48.04,2,96.08,ASX,NXXT
3:43:58 PM,48.04,1,48.04,ASX,NXXT
3:43:56 PM,48.04,1,48.04,ASX,NXXT
3:43:56 PM,48.05,1,48.05,CXA,
3:43:55 PM,48.05,2,96.1,CXA,
3:43:53 PM,48.04,1,48.04,ASX,
3:43:53 PM,48.04,3,144.12,ASX,
3:43:53 PM,48.03,2,96.06,ASX,
3:43:51 PM,48.04,1,48.04,ASX,NXXT
3:43:51 PM,48.03,18,864.54,ASX,
3:43:51 PM,48.04,19,912.76,ASX,XT
3:43:51 PM,48.04,34,1633.36,ASX,
3:43:51 PM,48.04,1,48.04,ASX,
3:43:51 PM,48.04,50,2402,ASX,
3:43:51 PM,48.05,30,1441.5,ASX,
3:43:51 PM,48.05,25,1201.25,ASX,
3:43:51 PM,48.05,2,96.1,ASX,
3:43:51 PM,48.05,16,768.8,ASX,
3:43:51 PM,48.04,26,1249.04,ASX,
3:43:51 PM,48.03,4,192.12,ASX,
3:43:51 PM,48.03,44,2113.32,ASX,
3:43:51 PM,48.03,21,1008.63,ASX,
3:43:51 PM,48.03,30,1440.9,ASX,
3:43:51 PM,48.03,11,528.33,ASX,
3:43:51 PM,48.03,22,1056.66,ASX,
3:43:51 PM,48.03,14,672.42,ASX,
3:43:51 PM,48.03,56,2689.68,ASX,XT
3:43:51 PM,48.03,1,48.03,ASX,
3:43:51 PM,48.03,31,1488.93,ASX,
3:43:51 PM,48.02,2,96.04,ASX,CXXT
3:43:51 PM,48.02,36,1728.72,ASX,CXXT
3:43:51 PM,48.02,50,2401,ASX,CXXT
3:43:51 PM,48.03,1,48.03,CXA,
3:43:51 PM,48.03,2,96.06,CXA,
3:43:51 PM,48.03,1,48.03,CXA,
3:43:51 PM,48.03,6,288.18,CXA,
3:43:49 PM,48.02,234,11236.68,ASX,CXXT
3:43:48 PM,48.025,88,4226.2,ASX,CXXT
3:43:48 PM,48.025,1,48.025,ASX,NXXT
3:43:48 PM,48.025,1,48.025,ASX,NXXT
3:43:48 PM,48.025,1,48.025,ASX,CXXT
3:43:48 PM,48.03,1,48.03,ASX,
3:43:47 PM,48.04,14,672.56,ASX,CXXT
3:43:47 PM,48.04,1,48.04,ASX,CXXT
3:43:47 PM,48.02,24,1152.48,ASX,
3:43:47 PM,48.02,2,96.04,ASX,
3:43:44 PM,48.03,1,48.03,ASX,NXXT
3:43:44 PM,48.03,9,432.27,CXA,NX XT
3:43:44 PM,48.03,14,672.42,CXA,NX XT
3:43:44 PM,48.03,14,672.42,CXA,CX
3:43:43 PM,48.01,20,960.2,ASX,
3:43:43 PM,48.01,1,48.01,ASX,
3:43:43 PM,48.03,4,192.12,CXA,CX
3:43:42 PM,48.025,3,144.075,ASX,NXXT
3:43:42 PM,48.025,1,48.025,ASX,NXXT
3:43:42 PM,48,441,21168,ASX,
3:43:42 PM,48,19,912,ASX,
3:43:42 PM,48,981,47088,ASX,
3:43:40 PM,48.025,1,48.025,ASX,NXXT
3:43:39 PM,48.025,1,48.025,ASX,NXXT
3:43:39 PM,48.03,1,48.03,ASX,CXXT
3:43:38 PM,48.01,26,1248.26,ASX,
3:43:38 PM,48.01,51,2448.51,ASX,
3:43:38 PM,48.01,10,480.1,ASX,
3:43:38 PM,48.01,13,624.13,CXA,
3:43:37 PM,48.02,4,192.08,ASX,
3:43:37 PM,48.02,26,1248.52,ASX,
3:43:36 PM,48.035,1,48.035,ASX,NXXT
3:43:36 PM,48.035,4,192.14,ASX,NXXT
3:43:35 PM,48.05,1,48.05,CXA,
3:43:35 PM,48.03,1,48.03,ASX,
3:43:34 PM,48.04,3,144.12,ASX,NXXT
3:43:34 PM,48.04,3,144.12,ASX,NXXT
3:43:34 PM,48.04,1,48.04,ASX,NXXT
3:43:33 PM,48.02,51,2449.02,ASX,
3:43:33 PM,48.03,27,1296.81,ASX,
3:43:33 PM,48.03,13,624.39,ASX,
3:43:33 PM,48.03,14,672.42,ASX,
3:43:32 PM,48.05,1,48.05,ASX,CXXT
3:43:32 PM,48.03,12,576.36,ASX,
3:43:32 PM,48.03,55,2641.65,ASX,
3:43:32 PM,48.04,11,528.44,CXA,
3:43:32 PM,48.05,1,48.05,ASX,CXXT
3:43:30 PM,48.055,243,11677.365,ASX,CXXT
3:43:26 PM,48.05,15,720.75,ASX,CXXT
3:43:25 PM,48.05,1,48.05,ASX,CXXT
3:43:25 PM,48.03,19,912.57,ASX,
3:43:24 PM,48.03,75,3602.25,ASX,
3:43:24 PM,48.03,36,1729.08,ASX,
3:43:24 PM,48.03,25,1200.75,ASX,
3:43:24 PM,48.04,25,1201,ASX,
3:43:24 PM,48.04,24,1152.96,ASX,
3:43:24 PM,48.04,3,144.12,ASX,
3:43:23 PM,48.04,27,1297.08,ASX,
3:43:23 PM,48.04,24,1152.96,ASX,
3:43:23 PM,48.04,23,1104.92,ASX,
3:43:23 PM,48.05,9,432.45,ASX,
3:43:23 PM,48.05,4,192.2,ASX,
3:43:23 PM,48.05,39,1873.95,ASX,
3:43:23 PM,48.05,13,624.65,ASX,
3:43:23 PM,48.06,2,96.12,ASX,
3:43:22 PM,48.065,3,144.195,ASX,NXXT
3:43:22 PM,48.065,72,3460.68,ASX,CXXT
3:43:22 PM,48.06,23,1105.38,CXA,NX XT
3:43:22 PM,48.06,12,576.72,ASX,
3:43:20 PM,48.07,1,48.07,ASX,CXXT
3:43:18 PM,48.07,2,96.14,ASX,NXXT
3:43:18 PM,48.07,1,48.07,ASX,NXXT
3:43:18 PM,48.07,226,10863.82,ASX,CXXT
3:43:17 PM,48.07,226,10863.82,ASX,CXXT
3:43:17 PM,48.07,9,432.63,CXA,CX
3:43:17 PM,48.07,9,432.63,CXA,CX
3:43:17 PM,48.07,9,432.63,CXA,CX
3:43:16 PM,48.07,73,3509.11,ASX,CXXT
3:43:16 PM,48.07,90,4326.3,ASX,CXXT
3:43:16 PM,48.07,67,3220.69,ASX,CXXT
3:43:16 PM,48.07,100,4807,ASX,CXXT
3:43:14 PM,48.07,123,5912.61,ASX,CXXT
3:43:13 PM,48.06,5,240.3,ASX,
3:43:13 PM,48.07,173,8316.11,ASX,CXXT
3:43:12 PM,48.065,1,48.065,ASX,NXXT
3:43:11 PM,48.065,1,48.065,ASX,CXXT
3:43:10 PM,48.065,1,48.065,ASX,NXXT
3:43:09 PM,48.06,52,2499.12,ASX,
3:43:09 PM,48.06,48,2306.88,ASX,
3:43:09 PM,48.06,153,7353.18,ASX,
3:43:09 PM,48.06,66,3171.96,ASX,
3:43:09 PM,48.06,47,2258.82,ASX,
3:43:09 PM,48.06,28,1345.68,ASX,
3:43:09 PM,48.06,26,1249.56,ASX,
3:43:09 PM,48.06,34,1634.04,ASX,
3:43:08 PM,48.075,3,144.225,ASX,NXXT
3:43:08 PM,48.075,6,288.45,CXA,CX
3:43:07 PM,48.075,1,48.075,ASX,NXXT
3:43:07 PM,48.07,8,384.56,ASX,
3:43:07 PM,48.07,50,2403.5,ASX,
3:43:06 PM,48.075,1,48.075,ASX,NXXT
3:43:06 PM,48.07,13,624.91,ASX,
3:43:06 PM,48.07,12,576.84,ASX,
3:43:06 PM,48.07,1,48.07,ASX,
3:43:05 PM,48.075,1,48.075,ASX,NXXT
3:43:04 PM,48.07,3,144.21,ASX,
3:43:04 PM,48.07,11,528.77,ASX,
3:43:04 PM,48.07,11,528.77,CXA,
3:43:04 PM,48.07,2,96.14,CXA,
3:43:04 PM,48.07,1,48.07,CXA,
3:43:03 PM,48.08,1,48.08,ASX,NXXT
3:43:01 PM,48.08,1,48.08,ASX,NXXT
3:43:00 PM,48.08,2,96.16,ASX,NXXT
3:42:58 PM,48.08,77,3702.16,ASX,CXXT
3:42:58 PM,48.07,11,528.77,ASX,
3:42:58 PM,48.07,1,48.07,CXA,
3:42:57 PM,48.08,3,144.24,ASX,NXXT
3:42:56 PM,48.08,6,288.48,ASX,
3:42:56 PM,48.08,1,48.08,ASX,
3:42:56 PM,48.085,1,48.085,ASX,CXXT
3:42:56 PM,48.085,13,625.105,ASX,CXXT
3:42:56 PM,48.085,1,48.085,ASX,CXXT
3:42:56 PM,48.08,4,192.32,ASX,
3:42:56 PM,48.085,14,673.19,ASX,CXXT
3:42:55 PM,48.085,2,96.17,ASX,NXXT
3:42:54 PM,48.085,3,144.255,ASX,NXXT
3:42:54 PM,48.085,1,48.085,ASX,NXXT
3:42:54 PM,48.08,13,625.04,ASX,
3:42:54 PM,48.08,21,1009.68,ASX,
3:42:54 PM,48.08,18,865.44,ASX,
3:42:54 PM,48.08,96,4615.68,ASX,
3:42:54 PM,48.08,34,1634.72,ASX,
3:42:54 PM,48.08,1,48.08,CXA,
3:42:54 PM,48.08,12,576.96,CXA,
3:42:52 PM,48.09,1,48.09,ASX,CXXT
3:42:52 PM,48.09,1,48.09,ASX,
3:42:51 PM,48.095,1,48.095,ASX,CXXT
3:42:51 PM,48.095,4,192.38,ASX,CXXT
3:42:51 PM,48.09,2,96.18,ASX,NXXT
3:42:46 PM,48.09,1,48.09,ASX,CXXT
3:42:46 PM,48.09,2,96.18,ASX,NXXT
3:42:45 PM,48.09,34,1635.06,ASX,
3:42:45 PM,48.09,5,240.45,ASX,
3:42:45 PM,48.09,1,48.09,ASX,
3:42:44 PM,48.095,38,1827.61,ASX,CXXT
3:42:42 PM,48.09,1,48.09,ASX,CXXT
3:42:40 PM,48.09,3,144.27,ASX,NXXT
3:42:40 PM,48.09,14,673.26,ASX,CXXT
3:42:39 PM,48.08,21,1009.68,ASX,
3:42:39 PM,48.08,4,192.32,ASX,
3:42:39 PM,48.08,29,1394.32,ASX,
3:42:39 PM,48.08,50,2404,ASX,
3:42:39 PM,48.09,34,1635.06,ASX,
3:42:38 PM,48.09,26,1250.34,ASX,
3:42:38 PM,48.09,32,1538.88,ASX,
3:42:38 PM,48.1,2,96.2,ASX,
3:42:38 PM,48.1,2,96.2,ASX,
3:42:36 PM,48.105,2,96.21,ASX,NXXT
3:42:35 PM,48.1,250,12025,ASX,
3:42:35 PM,48.1,11,529.1,CXA,
3:42:35 PM,48.12,1,48.12,CXA,
3:42:33 PM,48.11,1,48.11,ASX,CXXT
3:42:33 PM,48.1,4,192.4,ASX,
3:42:31 PM,48.1,10,481,ASX,
3:42:30 PM,48.1,25,1202.5,ASX,
3:42:30 PM,48.11,34,1635.74,ASX,
3:42:29 PM,48.11,24,1154.64,ASX,
3:42:29 PM,48.1,30,1443,ASX,
3:42:29 PM,48.1,50,2405,ASX,
3:42:29 PM,48.09,28,1346.52,ASX,
3:42:29 PM,48.09,20,961.8,ASX,
3:42:29 PM,48.09,9,432.81,ASX,
3:42:29 PM,48.08,61,2932.88,ASX,
3:42:29 PM,48.07,13,624.91,ASX,
3:42:29 PM,48.07,4,192.28,ASX,
3:42:29 PM,48.07,7,336.49,ASX,
3:42:29 PM,48.09,8,384.72,CXA,
3:42:29 PM,48.08,3,144.24,CXA,
3:42:29 PM,48.07,62,2980.34,CXA,
3:42:29 PM,48.07,1,48.07,CXA,
3:42:29 PM,48.05,3,144.15,ASX,
3:42:28 PM,48.05,16,768.8,ASX,
3:42:28 PM,48.06,13,624.78,ASX,
3:42:28 PM,48.06,34,1634.04,ASX,
3:42:28 PM,48.05,57,2738.85,ASX,XT
3:42:28 PM,48.05,34,1633.7,ASX,
3:42:28 PM,48.05,1,48.05,ASX,
3:42:28 PM,48.07,10,480.7,ASX,
3:42:28 PM,48.07,15,721.05,ASX,
3:42:28 PM,48.07,17,817.19,ASX,
3:42:28 PM,48.07,11,528.77,CXA,
3:42:28 PM,48.07,1,48.07,CXA,
3:42:28 PM,48.07,5,240.35,CXA,
3:42:28 PM,48.07,1,48.07,CXA,
3:42:28 PM,48.07,4,192.28,CXA,
3:42:28 PM,48.07,11,528.77,CXA,
3:42:28 PM,48.06,1,48.06,ASX,CXXT
3:42:28 PM,48.06,174,8362.44,ASX,CXXT
3:42:26 PM,48.055,2,96.11,ASX,NXXT
3:42:26 PM,48.055,3,144.165,ASX,NXXT
3:42:26 PM,48.055,1,48.055,ASX,CXXT
3:42:23 PM,48.05,2,96.1,ASX,
3:42:22 PM,48.06,2,96.12,ASX,NXXT
3:42:22 PM,48.05,242,11628.1,ASX,
3:42:22 PM,48.05,40,1922,ASX,
3:42:22 PM,48.05,50,2402.5,ASX,
3:42:22 PM,48.06,12,576.72,ASX,
3:42:22 PM,48.06,4,192.24,ASX,
3:42:22 PM,48.06,20,961.2,ASX,
3:42:22 PM,48.06,14,672.84,ASX,
3:42:22 PM,48.06,7,336.42,ASX,
3:42:21 PM,48.07,2,96.14,ASX,NXXT
3:42:20 PM,48.07,4,192.28,ASX,NXXT
3:42:20 PM,48.07,1,48.07,ASX,NXXT
3:42:18 PM,48.07,7,336.49,ASX,
