Time,Price $,Volume,Value $,Market,Condition
4:10:40 PM,8.56,800,6848,ASX,
3:58:25 PM,8.61,240,2066.4,ASX,
3:58:15 PM,8.61,206,1773.66,ASX,
3:58:15 PM,8.61,944,8127.84,ASX,XT
3:57:48 PM,8.61,56,482.16,ASX,
3:55:04 PM,8.6,1200,10320,ASX,
3:53:35 PM,8.6,250,2150,ASX,
3:49:11 PM,8.61,3000,25830,ASX,
3:48:58 PM,8.55,495,4232.25,ASX,
3:48:58 PM,8.58,25,214.5,ASX,
3:48:46 PM,8.61,230,1980.3,ASX,
3:45:47 PM,8.58,5000,42900,ASX,
3:45:02 PM,8.61,286,2462.46,ASX,
3:44:30 PM,8.58,11625,99742.5,ASX,
3:42:20 PM,8.61,500,4305,ASX,
3:37:59 PM,8.55,1600,13680,ASX,
3:30:54 PM,8.63,57,491.91,ASX,
3:30:42 PM,8.63,1773,15300.99,ASX,
3:29:01 PM,8.64,1500,12960,ASX,
3:28:31 PM,8.64,62,535.68,ASX,
3:28:12 PM,8.64,2200,19008,ASX,
3:28:12 PM,8.64,200,1728,ASX,
3:27:12 PM,8.63,5000,43150,ASX,
3:27:03 PM,8.62,587,5059.94,ASX,
3:25:08 PM,8.6,2,17.2,ASX,
3:23:13 PM,8.6,900,7740,ASX,
3:23:09 PM,8.6,293,2519.8,ASX,XT
3:23:09 PM,8.6,107,920.2,ASX,
3:22:47 PM,8.6,2000,17200,ASX,
3:20:13 PM,8.59,750,6442.5,ASX,
3:19:45 PM,8.58,890,7636.2,ASX,
3:19:19 PM,8.58,110,943.8,ASX,XT
3:13:31 PM,8.59,180,1546.2,ASX,XT
3:12:15 PM,8.59,470,4037.3,ASX,
3:11:42 PM,8.59,100,859,ASX,XT
3:02:20 PM,8.59,80,687.2,ASX,
3:00:55 PM,8.59,850,7301.5,ASX,XT
3:00:36 PM,8.59,110,944.9,ASX,XT
2:58:41 PM,8.59,60,515.4,ASX,XT
2:56:36 PM,8.53,439,3744.67,ASX,
2:56:36 PM,8.53,792,6755.76,ASX,
2:56:03 PM,8.59,1000,8590,ASX,XT
2:56:03 PM,8.58,1200,10296,ASX,
2:54:25 PM,8.58,300,2574,ASX,
2:52:35 PM,8.58,500,4290,ASX,
2:48:25 PM,8.6,580,4988,ASX,XT
2:47:50 PM,8.55,1949,16663.95,ASX,
2:47:29 PM,8.53,1356,11566.68,ASX,
2:46:21 PM,8.53,352,3002.56,ASX,
2:43:56 PM,8.55,235,2009.25,ASX,
2:42:46 PM,8.49,250,2122.5,ASX,
2:42:38 PM,8.55,1930,16501.5,ASX,
2:41:50 PM,8.53,1000,8530,ASX,XT
2:41:41 PM,8.55,500,4275,ASX,
2:37:34 PM,8.49,500,4245,ASX,
2:36:34 PM,8.49,1000,8490,ASX,
2:18:27 PM,8.43,138,1163.34,ASX,
2:18:27 PM,8.45,112,946.4,ASX,XT
2:17:41 PM,8.56,2244,19208.64,ASX,
2:17:41 PM,8.55,3656,31258.8,ASX,
2:16:01 PM,8.55,11344,96991.2,ASX,
2:15:28 PM,8.54,1500,12810,ASX,
2:14:14 PM,8.55,500,4275,ASX,
2:09:42 PM,8.57,1164,9975.48,ASX,
2:06:17 PM,8.5,356,3026,ASX,
2:05:15 PM,8.55,3000,25650,ASX,
2:01:39 PM,8.5,200,1700,ASX,
1:53:57 PM,8.5,300,2550,ASX,
1:47:03 PM,8.43,1186,9997.98,ASX,
1:47:03 PM,8.43,1100,9273,ASX,
1:47:03 PM,8.43,400,3372,ASX,
1:47:02 PM,8.45,9311,78677.95,ASX,
1:47:02 PM,8.45,973,8221.85,ASX,
1:47:02 PM,8.45,121,1022.45,ASX,
1:47:02 PM,8.45,100,845,ASX,
1:47:02 PM,8.46,200,1692,ASX,
1:47:02 PM,8.46,947,8011.62,ASX,
1:44:30 PM,8.46,927,7842.42,ASX,
1:41:46 PM,8.46,965,8163.9,ASX,
1:40:07 PM,8.49,59,500.91,ASX,
1:39:44 PM,8.46,834,7055.64,ASX,
1:37:09 PM,8.46,962,8138.52,ASX,
1:35:29 PM,8.51,1171,9965.21,ASX,
1:35:03 PM,8.52,1000,8520,ASX,
1:33:46 PM,8.53,294,2507.82,ASX,
1:26:15 PM,8.5,5000,42500,ASX,
1:24:19 PM,8.53,11700,99801,ASX,
1:21:31 PM,8.51,1142,9718.42,ASX,
1:21:31 PM,8.5,58,493,ASX,
1:20:24 PM,8.49,257,2181.93,ASX,
1:19:36 PM,8.46,766,6480.36,ASX,
1:18:28 PM,8.5,155,1317.5,ASX,
1:18:02 PM,8.5,352,2992,ASX,
1:14:41 PM,8.49,3537,30029.13,ASX,
1:09:39 PM,8.5,585,4972.5,ASX,
1:06:21 PM,8.52,585,4984.2,ASX,
1:05:36 PM,8.48,1474,12499.52,ASX,
1:03:15 PM,8.54,74,631.96,ASX,
1:03:15 PM,8.5,1926,16371,ASX,
1:02:48 PM,8.48,882,7479.36,ASX,
1:01:37 PM,8.48,118,1000.64,ASX,XT
12:58:36 PM,8.45,5000,42250,ASX,
12:58:22 PM,8.47,1000,8470,ASX,
12:54:01 PM,8.49,883,7496.67,ASX,
12:53:14 PM,8.49,5000,42450,ASX,
12:52:45 PM,8.49,1000,8490,ASX,
12:52:03 PM,8.44,369,3114.36,ASX,
12:52:00 PM,8.44,2000,16880,ASX,XT
12:50:37 PM,8.43,8098,68266.14,ASX,NXXT
12:48:50 PM,8.49,600,5094,ASX,
12:46:20 PM,8.44,508,4287.52,ASX,
12:46:20 PM,8.44,1928,16272.32,ASX,
12:46:17 PM,8.48,300,2544,ASX,
12:43:01 PM,8.48,1500,12720,ASX,
12:42:57 PM,8.45,1000,8450,ASX,
12:42:57 PM,8.45,1000,8450,ASX,
12:42:57 PM,8.45,1159,9793.55,ASX,
12:42:49 PM,8.46,236,1996.56,ASX,
12:42:49 PM,8.46,1500,12690,ASX,
12:42:45 PM,8.49,200,1698,ASX,
12:40:53 PM,8.5,352,2992,ASX,
12:39:16 PM,8.5,1000,8500,ASX,
12:39:08 PM,8.5,1500,12750,ASX,
12:37:26 PM,8.5,100,850,ASX,
12:36:59 PM,8.5,1000,8500,ASX,
12:36:51 PM,8.5,645,5482.5,ASX,
12:35:06 PM,8.5,750,6375,ASX,
12:30:26 PM,8.5,2000,17000,ASX,
12:30:04 PM,8.5,1000,8500,ASX,
12:27:20 PM,8.5,350,2975,ASX,
12:24:26 PM,8.5,586,4981,ASX,
12:24:19 PM,8.5,100,850,ASX,
12:24:08 PM,8.5,800,6800,ASX,
12:23:31 PM,8.5,11500,97750,ASX,
12:21:01 PM,8.5,100,850,ASX,
12:18:15 PM,8.51,100,851,ASX,
12:18:03 PM,8.43,24,202.32,ASX,XT
12:15:22 PM,8.53,238,2030.14,ASX,
12:13:49 PM,8.52,117,996.84,ASX,
12:13:00 PM,8.54,580,4953.2,ASX,
12:13:00 PM,8.54,500,4270,ASX,
12:12:21 PM,8.55,300,2565,ASX,
12:12:20 PM,8.55,16982,145196.1,ASX,
12:12:20 PM,8.55,3018,25803.9,ASX,
12:12:13 PM,8.55,710,6070.5,ASX,
12:09:26 PM,8.55,365,3120.75,ASX,
12:08:02 PM,8.54,1000,8540,ASX,
12:07:28 PM,8.55,997,8524.35,ASX,
12:06:34 PM,8.56,255,2182.8,ASX,
12:04:07 PM,8.52,116,988.32,ASX,
12:01:56 PM,8.5,120,1020,ASX,
12:00:57 PM,8.49,5800,49242,ASX,
11:59:51 AM,8.41,72,605.52,ASX,XT
11:57:42 AM,8.47,1180,9994.6,ASX,
11:57:18 AM,8.47,500,4235,ASX,
11:56:27 AM,8.4,168,1411.2,ASX,
11:56:15 AM,8.43,60,505.8,ASX,
11:56:07 AM,8.43,1000,8430,ASX,
11:54:37 AM,8.4,2350,19740,CXA,
11:54:36 AM,8.4,3850,32340,ASX,
11:53:40 AM,8.4,1500,12600,ASX,
11:53:19 AM,8.37,114,954.18,CXA,
11:53:15 AM,8.35,120,1002,ASX,
11:49:27 AM,8.37,500,4185,CXA,
11:49:22 AM,8.37,2000,16740,ASX,
11:48:49 AM,8.37,760,6361.2,CXA,
11:48:21 AM,8.37,1839,15392.43,CXA,
11:48:21 AM,8.35,1147,9577.45,CXA,
11:46:43 AM,8.34,2000,16680,ASX,
11:45:25 AM,8.34,1790,14928.6,CXA,
11:42:50 AM,8.34,1720,14344.8,CXA,
11:41:45 AM,8.34,120,1000.8,CXA,
11:40:32 AM,8.33,5000,41650,ASX,
11:39:29 AM,8.34,2398,19999.32,CXA,
11:38:32 AM,8.34,5000,41700,ASX,
11:38:31 AM,8.34,5000,41700,ASX,
11:38:29 AM,8.35,200,1670,ASX,
11:38:13 AM,8.36,200,1672,ASX,
11:37:19 AM,8.36,500,4180,ASX,
11:36:04 AM,8.38,600,5028,CXA,
11:34:27 AM,8.38,109,913.42,CXA,
11:33:52 AM,8.38,2000,16760,ASX,
11:33:45 AM,8.39,5500,46145,ASX,
11:33:41 AM,8.39,414,3473.46,ASX,
11:32:15 AM,8.4,700,5880,ASX,
11:31:53 AM,8.4,1189,9987.6,ASX,
11:30:41 AM,8.41,1200,10092,ASX,
11:30:25 AM,8.41,10000,84100,ASX,
11:29:59 AM,8.38,6000,50280,ASX,
11:29:53 AM,8.4,595,4998,ASX,
11:29:40 AM,8.4,5000,42000,ASX,
11:29:31 AM,8.41,100,841,ASX,
11:29:23 AM,8.41,594,4995.54,CXA,
11:27:41 AM,8.41,230,1934.3,ASX,
11:26:14 AM,8.34,5000,41700,ASX,
11:26:10 AM,8.34,5000,41700,ASX,
11:26:08 AM,8.35,238,1987.3,ASX,
11:26:07 AM,8.36,240,2006.4,ASX,
11:26:06 AM,8.36,2260,18893.6,ASX,
11:26:02 AM,8.36,740,6186.4,ASX,
11:26:00 AM,8.36,3000,25080,ASX,
11:25:58 AM,8.36,1582,13225.52,ASX,
11:25:58 AM,8.4,833,6997.2,ASX,
11:25:58 AM,8.4,119,999.6,ASX,
11:25:58 AM,8.4,466,3914.4,ASX,
11:25:57 AM,8.4,824,6921.6,ASX,
11:25:57 AM,8.4,176,1478.4,ASX,
11:25:57 AM,8.41,2000,16820,ASX,
11:25:55 AM,8.45,830,7013.5,ASX,
11:25:55 AM,8.45,1500,12675,ASX,
11:25:44 AM,8.47,2000,16940,ASX,
11:25:44 AM,8.47,10000,84700,ASX,
11:25:44 AM,8.5,700,5950,ASX,
11:25:44 AM,8.5,200,1700,ASX,
11:25:44 AM,8.5,587,4989.5,ASX,
11:25:44 AM,8.53,100,853,ASX,
11:25:44 AM,8.53,14,119.42,ASX,
11:23:49 AM,8.6,240,2064,ASX,XT
11:23:39 AM,8.6,573,4927.8,ASX,XT
11:23:39 AM,8.6,427,3672.2,ASX,
11:23:28 AM,8.6,116,997.6,ASX,
11:23:16 AM,8.6,97,834.2,ASX,
11:23:16 AM,8.6,1065,9159,CXA,
11:22:26 AM,8.6,935,8041,CXA,
11:22:15 AM,8.6,1160,9976,ASX,
11:21:24 AM,8.6,200,1720,ASX,
11:20:14 AM,8.58,59,506.22,ASX,
11:19:12 AM,8.53,386,3292.58,ASX,
11:17:53 AM,8.58,184,1578.72,ASX,
11:17:53 AM,8.58,816,7001.28,ASX,
11:17:30 AM,8.58,1500,12870,ASX,
11:16:43 AM,8.58,139,1192.62,ASX,
11:16:11 AM,8.58,210,1801.8,ASX,
11:14:30 AM,8.58,335,2874.3,ASX,
11:14:30 AM,8.5,3165,26902.5,ASX,XT
11:13:25 AM,8.5,88,748,ASX,
11:13:25 AM,8.5,588,4998,ASX,XT
11:13:25 AM,8.5,3009,25576.5,ASX,XT
11:12:38 AM,8.5,1991,16923.5,ASX,
11:12:38 AM,8.5,9,76.5,ASX,
11:08:04 AM,8.5,191,1623.5,ASX,
11:07:58 AM,8.5,300,2550,ASX,XT
11:07:58 AM,8.5,340,2890,ASX,
11:07:58 AM,8.55,1169,9994.95,ASX,XT
11:07:32 AM,8.6,150,1290,ASX,XT
11:06:56 AM,8.68,292,2534.56,ASX,
11:06:50 AM,8.68,160,1388.8,ASX,
11:06:40 AM,8.68,1000,8680,ASX,
11:06:15 AM,8.69,262,2276.78,ASX,
11:06:15 AM,8.68,738,6405.84,ASX,
11:06:04 AM,8.68,247,2143.96,ASX,
11:06:04 AM,8.68,334,2899.12,ASX,
11:05:36 AM,8.69,458,3980.02,ASX,
11:05:36 AM,8.69,560,4866.4,ASX,
11:05:27 AM,8.69,130,1129.7,ASX,
11:04:34 AM,8.76,56,490.56,ASX,
11:03:59 AM,8.5,660,5610,ASX,
11:03:51 AM,8.5,60,510,ASX,XT
11:03:51 AM,8.56,2711,23206.16,ASX,
11:03:51 AM,8.58,1500,12870,ASX,
11:03:51 AM,8.6,69,593.4,ASX,XT
11:03:51 AM,8.8,566,4980.8,ASX,
11:03:42 AM,8.8,1100,9680,ASX,XT
11:03:40 AM,8.83,110,971.3,ASX,
11:03:36 AM,8.6,1000,8600,ASX,
11:02:48 AM,8.6,1000,8600,ASX,
11:01:53 AM,8.56,600,5136,ASX,
11:01:51 AM,8.89,119,1057.91,ASX,
11:01:46 AM,8.62,20,172.4,ASX,
11:01:40 AM,8.62,110,948.2,ASX,XT
10:59:48 AM,8.4,180,1512,ASX,
10:59:47 AM,8.36,1000,8360,ASX,
10:59:47 AM,8.36,2666,22287.76,ASX,XT
10:59:47 AM,8.36,29,242.44,ASX,
10:59:47 AM,8.36,1971,16477.56,ASX,
10:59:47 AM,8.36,182,1521.52,ASX,
10:59:47 AM,8.36,314,2625.04,ASX,
10:59:47 AM,8.36,1371,11461.56,ASX,
10:59:47 AM,8.36,662,5534.32,ASX,
10:59:47 AM,8.36,1,8.36,ASX,
