Time,Price $,Volume,Value $,Market,Condition
4:10:16 PM,48.49,1,48.49,ASX,
4:10:16 PM,48.49,4312,209088.88,ASX,
4:10:16 PM,48.49,1582,76711.18,ASX,
4:10:16 PM,48.49,243,11783.07,ASX,
4:10:16 PM,48.49,20,969.8,ASX,
4:10:16 PM,48.49,352,17068.48,ASX,
4:10:16 PM,48.49,1114,54017.86,ASX,
4:10:16 PM,48.49,147,7128.03,ASX,
4:10:16 PM,48.49,5,242.45,ASX,
4:10:16 PM,48.49,1131,54842.19,ASX,
4:10:16 PM,48.49,5,242.45,ASX,
4:10:16 PM,48.49,289,14013.61,ASX,
4:10:16 PM,48.49,1012,49071.88,ASX,
4:10:16 PM,48.49,166,8049.34,ASX,
4:10:16 PM,48.49,467,22644.83,ASX,
4:10:16 PM,48.49,1146,55569.54,ASX,
4:10:16 PM,48.49,5,242.45,ASX,
4:10:16 PM,48.49,6465,313487.85,ASX,
4:10:16 PM,48.49,123,5964.27,ASX,
4:10:16 PM,48.49,534,25893.66,ASX,
4:10:16 PM,48.49,500,24245,ASX,
4:10:16 PM,48.49,406,19686.94,ASX,
4:10:16 PM,48.49,3,145.47,ASX,
4:10:16 PM,48.49,3119,151240.31,ASX,
4:10:16 PM,48.49,181,8776.69,ASX,
4:10:16 PM,48.49,1448,70213.52,ASX,
4:10:16 PM,48.49,1400,67886,ASX,
4:10:16 PM,48.49,653,31663.97,ASX,
4:10:16 PM,48.49,9,436.41,ASX,
4:10:16 PM,48.49,851,41264.99,ASX,
4:10:16 PM,48.49,66,3200.34,ASX,
4:10:16 PM,48.49,2527,122534.23,ASX,
4:10:16 PM,48.49,2621,127092.29,ASX,
4:10:16 PM,48.49,24,1163.76,ASX,
4:10:16 PM,48.49,412,19977.88,ASX,
4:10:16 PM,48.49,1439,69777.11,ASX,
4:10:16 PM,48.49,507,24584.43,ASX,
4:10:16 PM,48.49,4305,208749.45,ASX,
4:10:16 PM,48.49,1111,53872.39,ASX,
4:10:16 PM,48.49,1435,69583.15,ASX,
4:10:16 PM,48.49,8,387.92,ASX,
4:10:16 PM,48.49,3654,177182.46,ASX,
4:10:16 PM,48.49,1500,72735,ASX,
4:10:16 PM,48.49,1999,96931.51,ASX,
4:10:16 PM,48.49,1436,69631.64,ASX,
4:10:16 PM,48.49,2455,119042.95,ASX,
4:10:16 PM,48.49,288,13965.12,ASX,
4:10:16 PM,48.49,967,46889.83,ASX,
4:10:16 PM,48.49,551,26717.99,ASX,
4:10:16 PM,48.49,558,27057.42,ASX,
4:10:16 PM,48.49,339,16438.11,ASX,
4:10:16 PM,48.49,2750,133347.5,ASX,
4:10:16 PM,48.49,69,3345.81,ASX,
4:10:16 PM,48.49,74,3588.26,ASX,XT
4:10:16 PM,48.49,250,12122.5,ASX,
4:10:16 PM,48.49,1642,79620.58,ASX,XT
4:10:16 PM,48.49,400,19396,ASX,
4:10:16 PM,48.49,3177,154052.73,ASX,
4:10:16 PM,48.49,668,32391.32,ASX,XT
4:10:16 PM,48.49,1106,53629.94,ASX,XT
4:10:16 PM,48.49,1706,82723.94,ASX,
4:10:16 PM,48.49,33,1600.17,ASX,
4:10:16 PM,48.49,336,16292.64,ASX,
4:10:16 PM,48.49,41,1988.09,ASX,
4:10:16 PM,48.49,902,43737.98,ASX,
4:10:16 PM,48.49,4287,207876.63,ASX,
4:10:16 PM,48.49,258,12510.42,ASX,
4:10:16 PM,48.49,391,18959.59,ASX,
4:10:16 PM,48.49,2615,126801.35,ASX,
4:10:16 PM,48.49,425,20608.25,ASX,
4:10:16 PM,48.49,177,8582.73,ASX,
4:10:16 PM,48.49,3366,163217.34,ASX,
4:10:16 PM,48.49,4444,215489.56,ASX,
4:10:16 PM,48.49,178,8631.22,ASX,
4:10:16 PM,48.49,298,14450.02,ASX,
4:10:16 PM,48.49,1287,62406.63,ASX,
4:10:16 PM,48.49,1107,53678.43,ASX,
4:10:16 PM,48.49,500,24245,ASX,
4:10:16 PM,48.49,800,38792,ASX,
4:10:16 PM,48.49,667,32342.83,ASX,
4:10:16 PM,48.49,1104,53532.96,ASX,
4:10:16 PM,48.49,1638,79426.62,ASX,
4:10:16 PM,48.49,2711,131456.39,ASX,
4:10:16 PM,48.49,500,24245,ASX,
4:10:16 PM,48.49,2301,111575.49,ASX,
4:10:16 PM,48.49,762,36949.38,ASX,
4:10:16 PM,48.49,1667,80832.83,ASX,
4:10:16 PM,48.49,1,48.49,ASX,
4:10:16 PM,48.49,18,872.82,ASX,
4:10:16 PM,48.49,1,48.49,ASX,
4:10:16 PM,48.49,2,96.98,ASX,
4:10:16 PM,48.49,4,193.96,ASX,
4:10:16 PM,48.49,467,22644.83,ASX,
4:10:16 PM,48.49,60,2909.4,ASX,
4:10:16 PM,48.49,2005,97222.45,ASX,
4:10:16 PM,48.49,762,36949.38,ASX,
4:10:16 PM,48.49,50,2424.5,ASX,
4:10:16 PM,48.49,1998,96883.02,ASX,
4:10:16 PM,48.49,665,32245.85,ASX,
4:10:16 PM,48.49,1102,53435.98,ASX,
4:10:16 PM,48.49,1102,53435.98,ASX,
4:10:16 PM,48.49,1360,65946.4,ASX,
4:10:16 PM,48.49,1136,55084.64,ASX,
4:10:16 PM,48.49,1,48.49,ASX,XT
4:10:16 PM,48.49,2,96.98,ASX,XT
4:10:16 PM,48.49,1101,53387.49,ASX,
4:10:16 PM,48.49,80,3879.2,ASX,
4:10:16 PM,48.49,254,12316.46,ASX,
4:10:16 PM,48.49,1100,53339,ASX,
4:10:16 PM,48.49,549,26621.01,ASX,
4:10:16 PM,48.49,414,20074.86,ASX,
4:10:16 PM,48.49,1078,52272.22,ASX,
4:10:16 PM,48.49,1094,53048.06,ASX,
4:10:16 PM,48.49,141,6837.09,ASX,
4:10:16 PM,48.49,2399,116327.51,ASX,
4:10:16 PM,48.49,26,1260.74,ASX,
4:10:16 PM,48.49,732,35494.68,ASX,
4:10:16 PM,48.49,1192,57800.08,ASX,
4:10:16 PM,48.49,20,969.8,ASX,
4:10:16 PM,48.49,487,23614.63,ASX,
4:10:16 PM,48.49,7,339.43,ASX,XT
4:10:16 PM,48.49,476,23081.24,ASX,XT
4:10:16 PM,48.49,384,18620.16,ASX,XT
4:10:16 PM,48.49,24,1163.76,ASX,XT
4:10:16 PM,48.49,62,3006.38,ASX,XT
4:10:16 PM,48.49,2000,96980,ASX,
4:10:16 PM,48.49,28,1357.72,ASX,
4:10:16 PM,48.49,38,1842.62,ASX,
4:10:16 PM,48.49,5,242.45,ASX,
4:10:16 PM,48.49,1,48.49,ASX,
4:10:16 PM,48.49,346,16777.54,ASX,
4:10:16 PM,48.49,2795,135529.55,ASX,
4:10:16 PM,48.49,3664,177667.36,ASX,
4:10:16 PM,48.49,416,20171.84,ASX,
4:10:16 PM,48.49,31,1503.19,ASX,
4:10:16 PM,48.49,7199,349079.51,ASX,
4:10:16 PM,48.49,176,8534.24,ASX,
4:10:16 PM,48.49,730,35397.7,ASX,
4:10:16 PM,48.49,94,4558.06,ASX,
4:10:16 PM,48.49,297,14401.53,ASX,
4:10:16 PM,48.49,540,26184.6,ASX,
4:10:16 PM,48.49,876,42477.24,ASX,
4:10:16 PM,48.49,3,145.47,ASX,
4:10:16 PM,48.49,1925,93343.25,ASX,
4:10:16 PM,48.49,1531,74238.19,ASX,
4:10:16 PM,48.49,3457,167629.93,ASX,
4:10:16 PM,48.49,962,46647.38,ASX,
4:10:16 PM,48.49,712,34524.88,ASX,
4:10:16 PM,48.49,168,8146.32,ASX,
4:10:16 PM,48.49,442,21432.58,ASX,
4:10:16 PM,48.49,168,8146.32,ASX,
4:10:16 PM,48.49,265,12849.85,ASX,
4:10:16 PM,48.49,124,6012.76,ASX,
4:10:16 PM,48.49,584,28318.16,ASX,
4:10:16 PM,48.49,16,775.84,ASX,
4:10:16 PM,48.49,1218,59060.82,ASX,
4:10:16 PM,48.49,80,3879.2,ASX,
4:10:16 PM,48.49,399,19347.51,ASX,
4:10:16 PM,48.49,213,10328.37,ASX,
4:10:16 PM,48.49,2476,120061.24,ASX,
4:10:16 PM,48.49,379,18377.71,ASX,
4:10:16 PM,48.49,435,21093.15,ASX,
4:10:16 PM,48.49,1198,58091.02,ASX,
4:10:16 PM,48.49,43,2085.07,ASX,
4:10:16 PM,48.49,125,6061.25,ASX,
4:10:16 PM,48.49,55,2666.95,ASX,
4:10:16 PM,48.49,670,32488.3,ASX,
4:10:16 PM,48.49,5157,250062.93,ASX,
4:10:16 PM,48.49,23853,1156631.97,ASX,
4:10:16 PM,48.49,764,37046.36,ASX,
4:10:16 PM,48.49,6182,299765.18,ASX,
4:10:16 PM,48.49,700,33943,ASX,
4:10:16 PM,48.49,39,1891.11,ASX,
4:10:16 PM,48.49,32,1551.68,ASX,
4:10:16 PM,48.49,267,12946.83,ASX,
4:10:16 PM,48.49,572,27736.28,ASX,
4:10:16 PM,48.49,300,14547,ASX,
4:10:16 PM,48.49,35,1697.15,ASX,
4:10:16 PM,48.49,2281,110605.69,ASX,
4:10:16 PM,48.49,11,533.39,ASX,
4:10:16 PM,48.49,118,5721.82,ASX,
4:10:16 PM,48.49,246,11928.54,ASX,
4:10:16 PM,48.49,90,4364.1,ASX,
4:10:16 PM,48.49,238,11540.62,ASX,
4:10:16 PM,48.49,24,1163.76,ASX,
4:10:16 PM,48.49,875,42428.75,ASX,
4:10:16 PM,48.49,2,96.98,ASX,
4:10:16 PM,48.49,229,11104.21,ASX,
4:10:16 PM,48.49,480,23275.2,ASX,
4:10:16 PM,48.49,1499,72686.51,ASX,
4:10:16 PM,48.49,917,44465.33,ASX,XT
4:10:16 PM,48.49,138,6691.62,ASX,
4:10:16 PM,48.49,195,9455.55,ASX,
4:10:16 PM,48.49,1028,49847.72,ASX,
4:10:16 PM,48.49,975,47277.75,ASX,
4:10:16 PM,48.49,704,34136.96,ASX,
4:10:16 PM,48.49,168,8146.32,ASX,
4:10:16 PM,48.49,1287,62406.63,ASX,
4:10:16 PM,48.49,22,1066.78,ASX,
4:10:16 PM,48.49,8600,417014,ASX,
4:10:16 PM,48.49,255,12364.95,ASX,
4:10:16 PM,48.49,13,630.37,ASX,
4:10:16 PM,48.49,9,436.41,ASX,
4:10:16 PM,48.49,13,630.37,ASX,
4:10:16 PM,48.49,71,3442.79,ASX,
4:10:16 PM,48.49,563,27299.87,ASX,
4:10:16 PM,48.49,53,2569.97,ASX,
4:10:16 PM,48.49,676,32779.24,ASX,
4:10:16 PM,48.49,116,5624.84,ASX,
4:10:16 PM,48.49,504,24438.96,ASX,
4:10:16 PM,48.49,214,10376.86,ASX,
4:10:16 PM,48.49,1548,75062.52,ASX,
4:10:16 PM,48.49,109,5285.41,ASX,
4:10:16 PM,48.49,2,96.98,ASX,
4:00:00 PM,49.11,3,147.33,ASX,
3:59:59 PM,49.1,3,147.3,ASX,
3:59:59 PM,49.1,144,7070.4,ASX,
3:59:59 PM,49.1,57,2798.7,ASX,
3:59:59 PM,49.11,3,147.33,ASX,
3:59:58 PM,49.09,3,147.27,ASX,
3:59:57 PM,49.09,3,147.27,ASX,
3:59:57 PM,49.09,3,147.27,ASX,
3:59:57 PM,49.09,3,147.27,ASX,
3:59:57 PM,49.09,3,147.27,ASX,
3:59:57 PM,49.08,29,1423.32,ASX,
3:59:56 PM,49.15,38,1867.7,ASX,
3:59:56 PM,49.16,3,147.48,ASX,
3:59:56 PM,49.25,2827,139229.75,ASX,
3:59:56 PM,49.25,202,9948.5,ASX,
3:59:56 PM,49.23,202,9944.46,ASX,
3:59:56 PM,49.21,202,9940.42,ASX,
3:59:56 PM,49.19,202,9936.38,ASX,
3:59:56 PM,49.17,202,9932.34,ASX,
3:59:56 PM,49.1,3,147.3,ASX,
3:59:56 PM,49.24,79,3889.96,CXA,
3:59:56 PM,49.22,79,3888.38,CXA,
3:59:56 PM,49.2,79,3886.8,CXA,
3:59:56 PM,49.2,15,738,CXA,
3:59:56 PM,49.18,79,3885.22,CXA,
3:59:56 PM,49.16,79,3883.64,CXA,
3:59:56 PM,49.07,47,2306.29,ASX,XT
3:59:56 PM,49.07,8,392.56,ASX,
3:59:56 PM,49.07,11,539.77,ASX,
3:59:56 PM,49.07,20,981.4,ASX,
3:59:55 PM,49.09,16,785.44,ASX,
3:59:54 PM,49.11,1,49.11,ASX,
3:59:54 PM,49.11,5,245.55,ASX,
3:59:54 PM,49.13,1,49.13,ASX,
3:59:52 PM,49.14,7,343.98,ASX,
3:59:52 PM,49.14,12,589.68,ASX,
3:59:52 PM,49.14,19,933.66,ASX,
3:59:51 PM,49.14,22,1081.08,ASX,
3:59:50 PM,49.14,3,147.42,ASX,
3:59:50 PM,49.14,17,835.38,ASX,
3:59:50 PM,49.15,3,147.45,ASX,
3:59:50 PM,49.15,1,49.15,ASX,
3:59:50 PM,49.15,50,2457.5,ASX,
3:59:50 PM,49.14,50,2457,ASX,
3:59:50 PM,49.15,3,147.45,ASX,
3:59:49 PM,49.14,3,147.42,ASX,
3:59:49 PM,49.14,50,2457,ASX,
3:59:49 PM,49.14,25,1228.5,ASX,
3:59:49 PM,49.14,25,1228.5,ASX,
3:59:49 PM,49.15,10,491.5,ASX,
3:59:49 PM,49.15,10,491.5,ASX,
3:59:49 PM,49.15,3,147.45,ASX,
3:59:49 PM,49.15,10,491.5,ASX,
3:59:49 PM,49.15,8,393.2,ASX,
3:59:49 PM,49.15,11,540.65,ASX,
3:59:49 PM,49.15,29,1425.35,ASX,
3:59:49 PM,49.15,2,98.3,ASX,
3:59:48 PM,49.16,3,147.48,ASX,
3:59:48 PM,49.16,10,491.6,ASX,
3:59:48 PM,49.16,3,147.48,ASX,
3:59:48 PM,49.25,236,11623,ASX,
3:59:48 PM,49.25,100,4925,ASX,
3:59:48 PM,49.25,1098,54076.5,ASX,
3:59:48 PM,49.25,199,9800.75,ASX,
3:59:48 PM,49.24,199,9798.76,ASX,
3:59:48 PM,49.24,1,49.24,ASX,
3:59:48 PM,49.23,199,9796.77,ASX,
3:59:48 PM,49.23,12,590.76,ASX,
3:59:48 PM,49.22,199,9794.78,ASX,
3:59:48 PM,49.22,12,590.64,ASX,
3:59:48 PM,49.2,202,9938.4,ASX,
3:59:48 PM,49.2,55,2706,ASX,
3:59:48 PM,49.19,55,2705.45,ASX,
3:59:48 PM,49.19,42,2065.98,ASX,
3:59:48 PM,49.18,202,9934.36,ASX,
3:59:48 PM,49.18,55,2704.9,ASX,
3:59:48 PM,49.17,55,2704.35,ASX,
3:59:48 PM,49.17,42,2065.14,ASX,
3:59:48 PM,49.12,1,49.12,ASX,
3:59:48 PM,49.12,8,392.96,ASX,
3:59:48 PM,49.12,3,147.36,ASX,
3:59:48 PM,49.24,77,3791.48,CXA,
3:59:48 PM,49.22,79,3888.38,CXA,
3:59:48 PM,49.2,79,3886.8,CXA,
3:59:45 PM,49.11,12,589.32,ASX,
3:59:45 PM,49.11,13,638.43,ASX,
3:59:43 PM,49.11,7,343.77,ASX,
3:59:43 PM,49.21,43,2116.03,ASX,
3:59:43 PM,49.2,460,22632,ASX,
3:59:43 PM,49.19,202,9936.38,ASX,
3:59:43 PM,49.18,31,1524.58,ASX,
3:59:43 PM,49.18,57,2803.26,ASX,
3:59:43 PM,49.18,42,2065.56,ASX,
3:59:43 PM,49.17,57,2802.69,ASX,
3:59:43 PM,49.16,92,4522.72,ASX,
3:59:43 PM,49.16,19,934.04,ASX,
3:59:43 PM,49.16,57,2802.12,ASX,
3:59:43 PM,49.16,42,2064.72,ASX,
3:59:43 PM,49.15,2,98.3,ASX,
3:59:43 PM,49.15,42,2064.3,ASX,
3:59:43 PM,49.15,50,2457.5,ASX,
3:59:43 PM,49.13,1,49.13,ASX,
3:59:43 PM,49.13,49,2407.37,ASX,
3:59:43 PM,49.21,15,738.15,CXA,
3:59:43 PM,49.2,79,3886.8,CXA,
3:59:43 PM,49.115,160,7858.4,CXA,NX XT
3:59:42 PM,49.13,1,49.13,ASX,
3:59:38 PM,49.14,1,49.14,ASX,
3:59:37 PM,49.19,38,1869.22,ASX,
3:59:37 PM,49.18,87,4278.66,ASX,
3:59:37 PM,49.17,202,9932.34,ASX,
3:59:37 PM,49.17,39,1917.63,ASX,
3:59:37 PM,49.16,57,2802.12,ASX,
3:59:37 PM,49.16,1,49.16,ASX,
3:59:37 PM,49.16,153,7521.48,ASX,
3:59:37 PM,49.15,31,1523.65,ASX,
3:59:37 PM,49.15,50,2457.5,ASX,
3:59:37 PM,49.14,31,1523.34,ASX,
3:59:37 PM,49.13,1,49.13,ASX,
3:59:37 PM,49.13,31,1523.03,ASX,
3:59:37 PM,49.12,167,8203.04,ASX,
3:59:37 PM,49.1,4,196.4,ASX,
3:59:37 PM,49.1,1,49.1,ASX,
3:59:37 PM,49.1,1,49.1,ASX,
3:59:37 PM,49.1,1,49.1,ASX,
3:59:37 PM,49.1,26,1276.6,ASX,
3:59:37 PM,49.18,79,3885.22,CXA,
3:59:36 PM,49.09,12,589.08,ASX,
3:59:34 PM,49.09,39,1914.51,ASX,
3:59:32 PM,49.1,9,441.9,ASX,
3:59:31 PM,49.1,10,491,ASX,
3:59:31 PM,49.1,10,491,ASX,
3:59:31 PM,49.115,6,294.69,CXA,NX XT
3:59:30 PM,49.1,1,49.1,ASX,
3:59:30 PM,49.1,621,30491.1,ASX,
3:59:29 PM,49.1,12,589.2,ASX,
3:59:29 PM,49.1,31,1522.1,ASX,
3:59:27 PM,49.12,47,2308.64,ASX,
3:59:27 PM,49.12,36,1768.32,ASX,
3:59:27 PM,49.12,43,2112.16,ASX,
3:59:27 PM,49.12,7,343.84,ASX,
3:59:27 PM,49.12,8,392.96,ASX,
3:59:27 PM,49.12,31,1522.72,ASX,
3:59:21 PM,49.13,7,343.91,ASX,
3:59:21 PM,49.13,16,786.08,ASX,
3:59:21 PM,49.13,38,1866.94,ASX,
3:59:21 PM,49.13,11,540.43,ASX,
3:59:21 PM,49.13,21,1031.73,ASX,
3:59:21 PM,49.13,15,736.95,ASX,
3:59:21 PM,49.13,5,245.65,ASX,
3:59:21 PM,49.13,5,245.65,ASX,
3:59:21 PM,49.13,35,1719.55,ASX,
3:59:21 PM,49.13,22,1080.86,ASX,
3:59:18 PM,49.14,9,442.26,ASX,
3:59:18 PM,49.14,20,982.8,ASX,
3:59:15 PM,49.15,20,983,ASX,
3:59:15 PM,49.15,120,5898,ASX,
3:59:15 PM,49.15,7,344.05,ASX,
3:59:15 PM,49.15,5,245.75,ASX,
3:59:15 PM,49.14,6,294.84,ASX,
3:59:15 PM,49.14,27,1326.78,ASX,
3:59:15 PM,49.14,7,343.98,ASX,
3:59:15 PM,49.14,5,245.7,ASX,
3:59:15 PM,49.14,2,98.28,ASX,
3:59:15 PM,49.14,6,294.84,ASX,
3:59:15 PM,49.14,3,147.42,ASX,
3:59:09 PM,49.14,29,1425.06,ASX,
3:59:09 PM,49.145,98,4816.21,ASX,CXXT
3:59:09 PM,49.14,30,1474.2,CXA,
3:59:09 PM,49.14,19,933.66,ASX,
3:59:05 PM,49.14,11,540.54,CXA,
3:59:05 PM,49.16,16,786.56,ASX,
3:59:05 PM,49.16,14,688.24,ASX,
3:59:05 PM,49.16,26,1278.16,ASX,
3:59:04 PM,49.15,32,1572.8,ASX,
3:59:04 PM,49.15,8,393.2,ASX,
3:59:04 PM,49.15,27,1327.05,ASX,
3:59:03 PM,49.16,38,1868.08,ASX,
3:59:03 PM,49.15,23,1130.45,ASX,
3:59:03 PM,49.15,11,540.65,ASX,
3:59:03 PM,49.15,11,540.65,CXA,
3:59:02 PM,49.16,20,983.2,ASX,
3:59:02 PM,49.16,20,983.2,ASX,
3:59:02 PM,49.16,21,1032.36,ASX,
3:59:02 PM,49.17,5,245.85,ASX,
3:59:02 PM,49.16,8,393.28,CXA,
3:59:02 PM,49.17,8,393.36,ASX,
3:59:02 PM,49.17,16,786.72,CXA,
3:59:02 PM,49.18,7,344.26,ASX,
3:59:02 PM,49.18,2,98.36,ASX,
3:59:02 PM,49.175,29,1426.075,CXA,NX XT
3:59:02 PM,49.175,26,1278.55,CXA,NX XT
3:59:02 PM,49.175,7,344.225,CXA,NX XT
3:59:02 PM,49.18,12,590.16,CXA,
3:59:02 PM,49.17,5,245.85,ASX,
3:59:02 PM,49.18,7,344.26,ASX,
3:59:02 PM,49.195,6,295.17,CXA,NX XT
3:59:01 PM,49.195,9,442.755,CXA,NX XT
3:59:01 PM,49.18,5,245.9,ASX,
3:59:01 PM,49.18,6,295.08,ASX,
3:58:53 PM,49.18,10,491.8,ASX,
3:58:53 PM,49.18,32,1573.76,ASX,
3:58:53 PM,49.18,6,295.08,ASX,
3:58:53 PM,49.18,28,1377.04,ASX,
3:58:51 PM,49.195,5,245.975,CXA,NX XT
3:58:50 PM,49.18,22,1081.96,ASX,
3:58:47 PM,49.21,22,1082.62,ASX,
3:58:47 PM,49.2,91,4477.2,ASX,
3:58:47 PM,49.19,12,590.28,ASX,
3:58:47 PM,49.19,20,983.8,ASX,
3:58:47 PM,49.19,39,1918.41,ASX,
3:58:47 PM,49.19,5,245.95,CXA,
3:58:47 PM,49.19,11,541.09,CXA,
3:58:47 PM,49.19,1,49.19,CXA,
3:58:47 PM,49.19,4,196.76,CXA,
3:58:45 PM,49.18,11,540.98,ASX,
3:58:45 PM,49.18,26,1278.68,ASX,
3:58:45 PM,49.185,15,737.775,CXA,NX XT
3:58:45 PM,49.19,20,983.8,CXA,
3:58:44 PM,49.19,4,196.76,CXA,
3:58:44 PM,49.195,21,1033.095,CXA,NX XT
3:58:44 PM,49.195,42,2066.19,CXA,NX XT
3:58:44 PM,49.19,5,245.95,ASX,
3:58:44 PM,49.19,5,245.95,ASX,
3:58:41 PM,49.2,8,393.6,ASX,
3:58:41 PM,49.21,10,492.1,ASX,
3:58:41 PM,49.21,32,1574.72,ASX,
3:58:41 PM,49.21,7,344.47,ASX,
3:58:41 PM,49.21,44,2165.24,ASX,
3:58:41 PM,49.21,15,738.15,ASX,
3:58:41 PM,49.21,18,885.78,ASX,
3:58:41 PM,49.21,11,541.31,ASX,
3:58:41 PM,49.21,1,49.21,ASX,
3:58:41 PM,49.21,21,1033.41,CXA,
3:58:41 PM,49.21,6,295.26,CXA,
3:58:41 PM,49.21,9,442.89,CXA,
3:58:39 PM,49.21,8,393.68,ASX,
3:58:39 PM,49.21,33,1623.93,ASX,
3:58:39 PM,49.21,12,590.52,ASX,
3:58:39 PM,49.21,13,639.73,ASX,
3:58:39 PM,49.21,18,885.78,ASX,
3:58:35 PM,49.24,4,196.96,ASX,
3:58:31 PM,49.21,32,1574.72,ASX,
3:58:31 PM,49.21,21,1033.41,ASX,
3:58:30 PM,49.21,11,541.31,ASX,
3:58:30 PM,49.21,50,2460.5,ASX,
3:58:30 PM,49.23,1,49.23,ASX,
3:58:30 PM,49.23,11,541.53,ASX,
3:58:30 PM,49.23,13,639.99,ASX,
3:58:30 PM,49.23,46,2264.58,ASX,
3:58:30 PM,49.23,24,1181.52,ASX,
3:58:30 PM,49.23,32,1575.36,ASX,
3:58:30 PM,49.23,37,1821.51,ASX,
3:58:30 PM,49.23,7,344.61,ASX,
3:58:24 PM,49.2,1,49.2,ASX,
3:58:22 PM,49.21,5,246.05,ASX,
3:58:22 PM,49.21,18,885.78,ASX,
3:58:22 PM,49.21,9,442.89,ASX,
3:58:22 PM,49.21,26,1279.46,ASX,
3:58:19 PM,49.2,31,1525.2,ASX,
3:58:19 PM,49.2,26,1279.2,ASX,
3:58:19 PM,49.2,7,344.4,ASX,
3:58:19 PM,49.2,9,442.8,ASX,
3:58:19 PM,49.2,3,147.6,ASX,
3:58:15 PM,49.2,20,984,ASX,
3:58:10 PM,49.23,20,984.6,ASX,
3:58:10 PM,49.23,1,49.23,ASX,
3:58:10 PM,49.23,37,1821.51,ASX,
3:58:08 PM,49.2,1,49.2,ASX,
3:58:08 PM,49.2,26,1279.2,ASX,
3:58:07 PM,49.33,978,48244.74,ASX,
3:58:07 PM,49.33,143,7054.19,ASX,
3:58:07 PM,49.33,13,641.29,ASX,
3:58:07 PM,49.33,1,49.33,ASX,
3:58:07 PM,49.33,208,10260.64,ASX,
3:58:07 PM,49.32,1,49.32,ASX,
3:58:07 PM,49.32,208,10258.56,ASX,
3:58:07 PM,49.31,1,49.31,ASX,
3:58:07 PM,49.31,212,10453.72,ASX,
3:58:07 PM,49.31,295,14546.45,ASX,
3:58:07 PM,49.3,1,49.3,ASX,
3:58:07 PM,49.3,212,10451.6,ASX,
3:58:07 PM,49.29,1,49.29,ASX,
3:58:07 PM,49.29,195,9611.55,ASX,
3:58:07 PM,49.29,43,2119.47,ASX,
3:58:07 PM,49.29,11,542.19,ASX,
3:58:07 PM,49.29,50,2464.5,ASX,
3:58:07 PM,49.28,1,49.28,ASX,
3:58:07 PM,49.28,55,2710.4,ASX,
3:58:07 PM,49.28,195,9609.6,ASX,
3:58:07 PM,49.28,11,542.08,ASX,
3:58:07 PM,49.28,43,2119.04,ASX,
3:58:07 PM,49.27,13,640.51,ASX,
3:58:07 PM,49.27,1,49.27,ASX,
3:58:07 PM,49.27,58,2857.66,ASX,
3:58:07 PM,49.27,195,9607.65,ASX,
3:58:07 PM,49.27,43,2118.61,ASX,
3:58:07 PM,49.27,50,2463.5,ASX,
3:58:07 PM,49.26,13,640.38,ASX,
3:58:07 PM,49.26,32,1576.32,ASX,
3:58:07 PM,49.26,59,2906.34,ASX,
3:58:07 PM,49.26,195,9605.7,ASX,
3:58:07 PM,49.25,4,197,ASX,
3:58:07 PM,49.25,32,1576,ASX,
3:58:07 PM,49.25,57,2807.25,ASX,
3:58:07 PM,49.24,56,2757.44,ASX,
3:58:07 PM,49.24,37,1821.88,ASX,
3:58:07 PM,49.28,71,3498.88,CXA,
3:58:07 PM,49.26,76,3743.76,CXA,
3:58:06 PM,49.24,32,1575.68,ASX,
3:58:06 PM,49.24,50,2462,ASX,
3:58:06 PM,49.23,25,1230.75,ASX,
3:58:06 PM,49.23,49,2412.27,ASX,
3:58:06 PM,49.22,1,49.22,ASX,
3:58:06 PM,49.22,6,295.32,ASX,
3:58:06 PM,49.22,12,590.64,CXA,
3:58:06 PM,49.22,62,3051.64,ASX,
3:58:06 PM,49.22,37,1821.14,ASX,
3:58:06 PM,49.22,50,2461,ASX,
3:58:06 PM,49.2,2,98.4,ASX,
3:58:06 PM,49.2,1,49.2,ASX,
3:58:06 PM,49.2,16,787.2,ASX,
3:58:06 PM,49.2,12,590.4,ASX,
3:58:06 PM,49.2,203,9987.6,ASX,
3:58:05 PM,49.2,40,1968,ASX,
3:58:05 PM,49.2,169,8314.8,ASX,
3:58:05 PM,49.2,47,2312.4,ASX,
3:58:05 PM,49.2,14,688.8,ASX,
3:58:05 PM,49.2,36,1771.2,ASX,
3:58:05 PM,49.2,94,4624.8,ASX,
3:58:05 PM,49.2,71,3493.2,CXA,
3:58:04 PM,49.2,1,49.2,ASX,
3:58:04 PM,49.22,26,1279.72,ASX,
3:58:02 PM,49.2,4,196.8,ASX,
3:58:00 PM,49.2,6,295.2,ASX,
3:58:00 PM,49.2,12,590.4,ASX,
3:58:00 PM,49.215,17,836.655,CXA,NX XT
3:58:00 PM,49.2,103,5067.6,ASX,
3:58:00 PM,49.2,1,49.2,ASX,
3:58:00 PM,49.21,6,295.26,ASX,
3:58:00 PM,49.21,3,147.63,ASX,
3:58:00 PM,49.21,7,344.47,ASX,
3:58:00 PM,49.21,32,1574.72,ASX,
3:58:00 PM,49.21,12,590.52,ASX,
3:58:00 PM,49.2,16,787.2,ASX,
3:58:00 PM,49.2,11,541.2,ASX,
3:58:00 PM,49.2,68,3345.6,ASX,
3:58:00 PM,49.2,31,1525.2,ASX,
3:58:00 PM,49.2,19,934.8,ASX,
3:58:00 PM,49.2,14,688.8,ASX,
3:58:00 PM,49.2,62,3050.4,ASX,
3:58:00 PM,49.2,9,442.8,ASX,
3:58:00 PM,49.2,11,541.2,CXA,
3:58:00 PM,49.2,8,393.6,CXA,
3:58:00 PM,49.2,1,49.2,CXA,
3:58:00 PM,49.2,6,295.2,CXA,
3:58:00 PM,49.2,14,688.8,CXA,
3:58:00 PM,49.2,25,1230,ASX,
3:57:59 PM,49.18,6,295.08,ASX,
3:57:59 PM,49.18,5,245.9,ASX,
3:57:57 PM,49.18,18,885.24,ASX,
3:57:57 PM,49.18,5,245.9,ASX,
3:57:57 PM,49.18,4,196.72,ASX,
3:57:56 PM,49.19,1,49.19,ASX,NXXT
3:57:50 PM,49.18,18,885.24,ASX,
3:57:39 PM,49.18,1,49.18,ASX,XT
3:57:39 PM,49.2,4,196.8,ASX,
3:57:39 PM,49.2,28,1377.6,ASX,
3:57:39 PM,49.2,35,1722,ASX,
3:57:39 PM,49.2,1,49.2,ASX,
3:57:39 PM,49.2,3,147.6,ASX,
3:57:39 PM,49.2,19,934.8,ASX,
3:57:39 PM,49.2,11,541.2,ASX,
3:57:39 PM,49.2,50,2460,ASX,
3:57:38 PM,49.19,21,1032.99,ASX,
3:57:38 PM,49.19,31,1524.89,ASX,
3:57:38 PM,49.2,20,984,ASX,
3:57:38 PM,49.2,5,246,ASX,
3:57:38 PM,49.2,27,1328.4,ASX,
3:57:38 PM,49.2,22,1082.4,ASX,
3:57:38 PM,49.2,12,590.4,CXA,
3:57:32 PM,49.2,17,836.4,ASX,
3:57:32 PM,49.2,24,1180.8,ASX,
3:57:30 PM,49.21,33,1623.93,ASX,
3:57:30 PM,49.205,3,147.615,ASX,CXXT
3:57:30 PM,49.21,20,984.2,ASX,
3:57:30 PM,49.21,10,492.1,ASX,
3:57:30 PM,49.21,11,541.31,ASX,
3:57:30 PM,49.21,1,49.21,ASX,
3:57:30 PM,49.21,24,1181.04,CXA,
3:57:29 PM,49.21,5,246.05,ASX,
3:57:28 PM,49.22,1,49.22,ASX,
3:57:28 PM,49.21,9,442.89,ASX,CXXT
3:57:28 PM,49.22,1,49.22,CXA,
3:57:26 PM,49.21,9,442.89,ASX,
3:57:26 PM,49.21,12,590.52,ASX,
3:57:26 PM,49.21,7,344.47,ASX,
3:57:26 PM,49.21,20,984.2,CXA,
3:57:26 PM,49.22,6,295.32,ASX,
3:57:26 PM,49.215,4,196.86,ASX,CXXT
3:57:23 PM,49.21,8,393.68,ASX,
3:57:23 PM,49.21,4,196.84,ASX,
3:57:23 PM,49.22,6,295.32,ASX,
3:57:23 PM,49.22,7,344.54,ASX,
3:57:20 PM,49.21,1,49.21,ASX,
3:57:20 PM,49.22,7,344.54,ASX,
3:57:20 PM,49.22,2,98.44,CXA,
3:57:16 PM,49.22,23,1132.06,ASX,
3:57:16 PM,49.22,66,3248.52,ASX,
3:57:15 PM,49.22,4,196.88,ASX,
3:57:15 PM,49.22,32,1575.04,ASX,
3:57:15 PM,49.23,11,541.53,CXA,
3:57:15 PM,49.23,3,147.69,CXA,
3:57:14 PM,49.23,2,98.46,ASX,
3:57:14 PM,49.23,3,147.69,ASX,
3:57:14 PM,49.23,3,147.69,ASX,
3:57:14 PM,49.23,4,196.92,ASX,
3:57:14 PM,49.23,24,1181.52,ASX,
3:57:14 PM,49.23,9,443.07,ASX,
3:57:14 PM,49.23,1,49.23,ASX,
3:57:14 PM,49.23,14,689.22,ASX,
3:57:14 PM,49.235,98,4825.03,ASX,CXXT
3:57:12 PM,49.24,5,246.2,ASX,
3:57:12 PM,49.24,14,689.36,ASX,
3:57:12 PM,49.24,5,246.2,ASX,
3:57:12 PM,49.24,10,492.4,ASX,
3:57:12 PM,49.24,10,492.4,ASX,
3:57:09 PM,49.25,52,2561,CXA,NX XT
3:57:09 PM,49.25,5,246.25,ASX,
3:57:09 PM,49.25,3,147.75,ASX,
3:57:07 PM,49.25,3,147.75,ASX,
3:57:07 PM,49.25,1,49.25,ASX,
3:57:07 PM,49.25,10,492.5,ASX,
3:57:07 PM,49.26,6,295.56,ASX,
3:57:06 PM,49.25,9,443.25,ASX,
3:57:06 PM,49.25,6,295.5,ASX,
3:57:06 PM,49.25,62,3053.5,ASX,
3:57:06 PM,49.3,30,1479,ASX,
3:57:06 PM,49.3,14,690.2,ASX,
3:57:06 PM,49.3,50,2465,ASX,
3:57:06 PM,49.29,212,10449.48,ASX,
3:57:06 PM,49.29,4,197.16,ASX,
3:57:06 PM,49.29,2,98.58,ASX,
3:57:06 PM,49.29,8,394.32,ASX,
3:57:06 PM,49.29,42,2070.18,ASX,
3:57:06 PM,49.28,9,443.52,ASX,
3:57:06 PM,49.28,28,1379.84,ASX,
3:57:06 PM,49.27,6,295.62,ASX,
3:57:06 PM,49.26,11,541.86,ASX,
3:57:06 PM,49.26,42,2068.92,ASX,
3:57:06 PM,49.25,4,197,ASX,
3:57:06 PM,49.25,21,1034.25,ASX,
3:57:06 PM,49.25,3,147.75,ASX,
3:57:06 PM,49.25,4,197,ASX,
3:57:06 PM,49.24,10,492.4,ASX,CXXT
3:57:06 PM,49.25,1,49.25,CXA,
3:57:06 PM,49.25,1,49.25,CXA,
3:57:06 PM,49.25,1,49.25,CXA,
3:57:06 PM,49.25,1,49.25,CXA,
3:57:03 PM,49.26,8,394.08,ASX,
3:57:02 PM,49.25,7,344.75,CXA,NX XT
3:57:02 PM,49.24,17,837.08,ASX,
3:57:02 PM,49.24,26,1280.24,ASX,
3:57:02 PM,49.24,32,1575.68,ASX,
3:57:02 PM,49.25,27,1329.75,ASX,
3:57:02 PM,49.25,44,2167,ASX,
3:57:02 PM,49.25,57,2807.25,ASX,
3:57:02 PM,49.25,45,2216.25,ASX,
3:57:02 PM,49.25,23,1132.75,ASX,
3:57:02 PM,49.26,28,1379.28,ASX,
3:57:02 PM,49.26,7,344.82,ASX,
3:57:02 PM,49.26,18,886.68,ASX,
3:57:02 PM,49.26,26,1280.76,ASX,
3:57:02 PM,49.26,10,492.6,CXA,
3:57:02 PM,49.26,17,837.42,CXA,
3:56:59 PM,49.26,9,443.34,ASX,
3:56:59 PM,49.26,29,1428.54,ASX,
3:56:59 PM,49.26,6,295.56,ASX,
3:56:57 PM,49.26,2,98.52,ASX,
3:56:55 PM,49.27,1,49.27,ASX,
3:56:55 PM,49.27,5,246.35,ASX,
3:56:55 PM,49.27,1,49.27,ASX,
3:56:55 PM,49.27,6,295.62,ASX,
3:56:55 PM,49.27,11,541.97,ASX,
3:56:55 PM,49.27,17,837.59,ASX,
3:56:55 PM,49.265,7,344.855,ASX,CXXT
3:56:55 PM,49.27,2,98.54,ASX,
3:56:55 PM,49.27,19,936.13,ASX,
3:56:55 PM,49.27,5,246.35,ASX,
3:56:55 PM,49.27,4,197.08,ASX,
3:56:55 PM,49.27,1,49.27,ASX,
3:56:48 PM,49.265,1,49.265,ASX,NXXT
3:56:48 PM,49.26,6,295.56,ASX,
3:56:48 PM,49.26,10,492.6,ASX,
3:56:48 PM,49.26,11,541.86,ASX,XT
3:56:48 PM,49.26,9,443.34,CXA,
3:56:48 PM,49.26,18,886.68,CXA,
3:56:45 PM,49.26,5,246.3,ASX,
3:56:45 PM,49.26,64,3152.64,ASX,
3:56:42 PM,49.26,27,1330.02,CXA,NX XT
3:56:42 PM,49.27,5,246.35,ASX,
3:56:41 PM,49.28,24,1182.72,ASX,
3:56:41 PM,49.28,13,640.64,ASX,
3:56:41 PM,49.28,5,246.4,ASX,
3:56:41 PM,49.28,1,49.28,CXA,
3:56:41 PM,49.27,11,541.97,ASX,
3:56:41 PM,49.27,14,689.78,ASX,
3:56:41 PM,49.27,50,2463.5,ASX,
3:56:41 PM,49.27,18,886.86,CXA,
3:56:40 PM,49.28,42,2069.76,ASX,
3:56:40 PM,49.28,50,2464,ASX,
3:56:40 PM,49.27,27,1330.29,CXA,NX XT
3:56:40 PM,49.27,18,886.86,ASX,
3:56:40 PM,49.27,7,344.89,ASX,
3:56:40 PM,49.27,11,541.97,ASX,
3:56:40 PM,49.27,39,1921.53,ASX,
3:56:40 PM,49.27,25,1231.75,ASX,
3:56:39 PM,49.28,2,98.56,ASX,
3:56:39 PM,49.28,42,2069.76,ASX,
3:56:39 PM,49.27,1,49.27,ASX,CXXT
3:56:38 PM,49.27,5,246.35,ASX,
3:56:38 PM,49.27,1,49.27,ASX,
3:56:38 PM,49.27,42,2069.34,ASX,
3:56:38 PM,49.27,1,49.27,CXA,
3:56:37 PM,49.27,35,1724.45,ASX,
3:56:37 PM,49.27,1,49.27,ASX,
3:56:37 PM,49.27,23,1133.21,ASX,
3:56:37 PM,49.27,42,2069.34,ASX,
3:56:37 PM,49.26,50,2463,ASX,
3:56:36 PM,49.3,197,9712.1,ASX,
3:56:36 PM,49.3,5,246.5,ASX,
3:56:36 PM,49.3,8,394.4,ASX,
3:56:36 PM,49.29,212,10449.48,ASX,
3:56:36 PM,49.28,32,1576.96,ASX,
3:56:36 PM,49.28,212,10447.36,ASX,
3:56:36 PM,49.27,50,2463.5,ASX,
3:56:36 PM,49.25,2,98.5,ASX,
3:56:36 PM,49.25,11,541.75,ASX,
3:56:36 PM,49.3,82,4042.6,CXA,
3:56:36 PM,49.25,15,738.75,ASX,
3:56:36 PM,49.25,42,2068.5,ASX,
3:56:36 PM,49.25,32,1576,ASX,
3:56:36 PM,49.25,50,2462.5,ASX,
3:56:36 PM,49.235,1,49.235,ASX,CXXT
3:56:36 PM,49.25,16,788,CXA,
3:56:35 PM,49.23,3,147.69,ASX,
3:56:35 PM,49.23,1,49.23,ASX,
3:56:35 PM,49.23,1,49.23,ASX,
3:56:35 PM,49.23,1,49.23,CXA,
3:56:34 PM,49.23,1,49.23,CXA,
3:56:34 PM,49.23,2,98.46,ASX,
3:56:34 PM,49.22,1,49.22,ASX,CXXT
3:56:34 PM,49.24,32,1575.68,ASX,
3:56:34 PM,49.24,15,738.6,ASX,
3:56:34 PM,49.24,42,2068.08,ASX,
3:56:34 PM,49.23,42,2067.66,ASX,
3:56:34 PM,49.23,50,2461.5,ASX,
3:56:32 PM,49.2,149,7330.8,ASX,
3:56:32 PM,49.2,212,10430.4,ASX,
3:56:32 PM,49.2,32,1574.4,ASX,
3:56:32 PM,49.2,16,787.2,ASX,
3:56:32 PM,49.2,50,2460,ASX,
3:56:32 PM,49.21,8,393.68,ASX,
3:56:32 PM,49.21,10,492.1,ASX,
3:56:32 PM,49.21,40,1968.4,ASX,
3:56:32 PM,49.22,45,2214.9,ASX,
3:56:32 PM,49.22,15,738.3,ASX,
3:56:32 PM,49.22,50,2461,ASX,
3:56:32 PM,49.23,15,738.45,ASX,
3:56:32 PM,49.23,32,1575.36,ASX,
3:56:32 PM,49.23,64,3150.72,ASX,
3:56:32 PM,49.24,32,1575.68,ASX,
3:56:32 PM,49.24,15,738.6,ASX,
3:56:32 PM,49.24,50,2462,ASX,
3:56:32 PM,49.21,82,4035.22,CXA,
3:56:32 PM,49.21,11,541.31,CXA,
3:56:32 PM,49.21,11,541.31,CXA,
3:56:32 PM,49.22,16,787.52,CXA,
3:56:32 PM,49.22,27,1328.94,CXA,
3:56:32 PM,49.23,18,886.14,CXA,
3:56:32 PM,49.25,7,344.75,ASX,
3:56:32 PM,49.25,73,3595.25,ASX,
3:56:32 PM,49.24,121,5958.04,ASX,
3:56:32 PM,49.24,184,9060.16,ASX,
3:56:32 PM,49.24,33,1624.92,ASX,
3:56:32 PM,49.24,100,4924,ASX,XT
3:56:32 PM,49.24,65,3200.6,ASX,XT
3:56:32 PM,49.24,35,1723.4,ASX,
3:56:32 PM,49.24,18,886.32,CXA,
3:56:32 PM,49.24,20,984.8,CXA,
3:56:32 PM,49.23,5,246.15,ASX,
3:56:32 PM,49.23,2,98.46,CXA,
3:56:31 PM,49.23,1,49.23,ASX,
3:56:31 PM,49.23,17,836.91,ASX,
3:56:31 PM,49.23,11,541.53,ASX,
3:56:31 PM,49.23,5,246.15,ASX,
3:56:31 PM,49.23,5,246.15,ASX,
3:56:31 PM,49.23,22,1083.06,ASX,
3:56:31 PM,49.23,91,4479.93,ASX,
3:56:31 PM,49.23,16,787.68,ASX,
3:56:31 PM,49.22,2,98.44,ASX,
3:56:31 PM,49.22,54,2657.88,ASX,
3:56:31 PM,49.22,29,1427.38,ASX,
3:56:31 PM,49.21,20,984.2,ASX,
3:56:31 PM,49.21,19,934.99,ASX,
3:56:31 PM,49.21,6,295.26,ASX,
3:56:31 PM,49.21,30,1476.3,ASX,
3:56:31 PM,49.21,66,3247.86,ASX,
3:56:31 PM,49.21,121,5954.41,ASX,
3:56:31 PM,49.21,1,49.21,CXA,
3:56:31 PM,49.21,2,98.42,CXA,
3:56:31 PM,49.21,4,196.84,CXA,
3:56:31 PM,49.21,7,344.47,CXA,
3:56:29 PM,49.19,39,1918.41,ASX,
3:56:28 PM,49.2,47,2312.4,CXA,NX XT
3:56:28 PM,49.2,33,1623.6,CXA,NX XT
3:56:27 PM,49.22,62,3051.64,ASX,
3:56:27 PM,49.21,13,639.73,ASX,
3:56:27 PM,49.21,1,49.21,ASX,
3:56:27 PM,49.21,12,590.52,ASX,
3:56:27 PM,49.21,11,541.31,ASX,
3:56:27 PM,49.21,20,984.2,ASX,
3:56:27 PM,49.21,40,1968.4,ASX,
3:56:27 PM,49.22,9,442.98,CXA,
3:56:27 PM,49.22,14,689.08,CXA,
3:56:27 PM,49.21,1,49.21,CXA,
3:56:27 PM,49.21,1,49.21,CXA,
3:56:27 PM,49.21,12,590.52,CXA,
3:56:27 PM,49.2,4,196.8,ASX,CXXT
3:56:24 PM,49.2,8,393.6,ASX,NXXT
3:56:24 PM,49.21,46,2263.66,ASX,
3:56:23 PM,49.21,6,295.26,ASX,
3:56:23 PM,49.21,1,49.21,ASX,
3:56:23 PM,49.205,12,590.46,ASX,NXXT
3:56:22 PM,49.21,37,1820.77,ASX,
3:56:22 PM,49.21,24,1181.04,ASX,
3:56:22 PM,49.215,51,2509.965,CXA,NX XT
3:56:22 PM,49.21,101,4970.21,ASX,
3:56:22 PM,49.22,5,246.1,ASX,
3:56:22 PM,49.22,16,787.52,ASX,
3:56:22 PM,49.22,6,295.32,ASX,
3:56:22 PM,49.22,25,1230.5,ASX,
3:56:22 PM,49.22,184,9056.48,ASX,
3:56:22 PM,49.22,84,4134.48,ASX,
3:56:22 PM,49.22,66,3248.52,CXA,
3:56:22 PM,49.22,2,98.44,CXA,
3:56:22 PM,49.22,16,787.52,CXA,
3:56:22 PM,49.22,16,787.52,CXA,
3:56:18 PM,49.24,7,344.68,ASX,
3:56:17 PM,49.22,182,8958.04,ASX,
3:56:17 PM,49.22,12,590.64,ASX,
3:56:17 PM,49.24,32,1575.68,ASX,
3:56:16 PM,49.25,34,1674.5,ASX,
3:56:16 PM,49.26,33,1625.58,ASX,
3:56:16 PM,49.26,11,541.86,CXA,
3:56:16 PM,49.27,6,295.62,ASX,
3:56:16 PM,49.27,6,295.62,ASX,
3:56:16 PM,49.27,1,49.27,ASX,
3:56:16 PM,49.27,23,1133.21,ASX,XT
3:56:16 PM,49.28,268,13207.04,ASX,
3:56:16 PM,49.28,312,15375.36,ASX,
3:56:16 PM,49.28,80,3942.4,ASX,
3:56:16 PM,49.275,3,147.825,ASX,CXXT
3:56:12 PM,49.285,21,1034.985,CXA,NX XT
3:56:12 PM,49.285,33,1626.405,CXA,NX XT
3:56:12 PM,49.29,67,3302.43,ASX,
3:56:12 PM,49.29,5,246.45,ASX,
3:56:12 PM,49.29,9,443.61,ASX,
3:56:12 PM,49.29,1,49.29,ASX,
3:56:12 PM,49.285,22,1084.27,CXA,NX XT
3:56:12 PM,49.29,11,542.19,CXA,
3:56:10 PM,49.295,4,197.18,ASX,NXXT
3:56:09 PM,49.295,28,1380.26,CXA,NX XT
3:56:09 PM,49.295,7,345.065,CXA,NX XT
3:56:09 PM,49.295,48,2366.16,CXA,NX XT
3:56:09 PM,49.3,8,394.4,ASX,
3:56:09 PM,49.3,20,986,ASX,
3:56:09 PM,49.3,3,147.9,ASX,
3:56:08 PM,49.3,1,49.3,ASX,
3:56:07 PM,49.29,38,1873.02,ASX,
3:56:06 PM,49.3,6,295.8,ASX,CXXT
3:56:05 PM,49.3,6,295.8,ASX,
3:56:04 PM,49.3,1,49.3,ASX,XT
3:56:03 PM,49.3,17,838.1,ASX,
3:56:03 PM,49.305,4,197.22,ASX,NXXT
3:56:02 PM,49.31,10,493.1,ASX,
3:56:02 PM,49.31,7,345.17,ASX,
3:56:02 PM,49.31,6,295.86,ASX,
3:56:02 PM,49.31,27,1331.37,ASX,
3:56:01 PM,49.32,1,49.32,ASX,
3:56:01 PM,49.32,1,49.32,ASX,CXXT
3:56:01 PM,49.32,1,49.32,ASX,CXXT
3:55:58 PM,49.32,4,197.28,ASX,NXXT
3:55:58 PM,49.32,16,789.12,ASX,NXXT
3:55:56 PM,49.32,5,246.6,ASX,NXXT
3:55:56 PM,49.32,11,542.52,ASX,
3:55:56 PM,49.33,10,493.3,ASX,
3:55:56 PM,49.32,26,1282.32,ASX,
3:55:56 PM,49.33,6,295.98,ASX,
3:55:56 PM,49.33,6,295.98,ASX,
3:55:56 PM,49.33,6,295.98,ASX,XT
3:55:56 PM,49.33,23,1134.59,ASX,
3:55:56 PM,49.33,21,1035.93,ASX,
3:55:56 PM,49.33,19,937.27,ASX,
3:55:56 PM,49.33,40,1973.2,ASX,
3:55:56 PM,49.33,50,2466.5,ASX,
3:55:56 PM,49.33,71,3502.43,CXA,
3:55:48 PM,49.34,3,148.02,ASX,NXXT
3:55:46 PM,49.35,7,345.45,ASX,
3:55:46 PM,49.35,50,2467.5,ASX,
3:55:46 PM,49.34,27,1332.18,ASX,
3:55:46 PM,49.34,6,296.04,CXA,NX XT
3:55:46 PM,49.34,30,1480.2,CXA,NX XT
3:55:46 PM,49.34,64,3157.76,CXA,NX XT
3:55:46 PM,49.34,30,1480.2,CXA,NX XT
3:55:46 PM,49.34,18,888.12,ASX,
3:55:46 PM,49.34,20,986.8,ASX,
3:55:46 PM,49.34,11,542.74,ASX,
3:55:46 PM,49.34,30,1480.2,ASX,
3:55:46 PM,49.34,33,1628.22,ASX,
3:55:46 PM,49.34,50,2467,ASX,
3:55:46 PM,49.34,29,1430.86,CXA,NX XT
3:55:46 PM,49.34,19,937.46,CXA,
3:55:46 PM,49.34,16,789.44,CXA,
3:55:46 PM,49.34,4,197.36,CXA,
3:55:41 PM,49.36,1,49.36,ASX,
3:55:38 PM,49.37,8,394.96,ASX,
3:55:38 PM,49.37,1,49.37,ASX,
3:55:38 PM,49.37,1,49.37,ASX,
3:55:38 PM,49.36,41,2023.76,ASX,
3:55:38 PM,49.36,33,1628.88,ASX,
3:55:38 PM,49.36,15,740.4,ASX,
3:55:38 PM,49.36,30,1480.8,ASX,
3:55:38 PM,49.37,16,789.92,CXA,
3:55:38 PM,49.37,4,197.48,CXA,
3:55:38 PM,49.36,7,345.52,CXA,
3:55:38 PM,49.36,16,789.76,CXA,
3:55:38 PM,49.36,13,641.68,CXA,
3:55:38 PM,49.35,16,789.6,CXA,
3:55:38 PM,49.35,57,2812.95,ASX,
3:55:38 PM,49.34,1,49.34,ASX,
3:55:37 PM,49.33,1,49.33,ASX,
3:55:37 PM,49.33,181,8928.73,ASX,
3:55:37 PM,49.34,22,1085.48,ASX,
3:55:37 PM,49.33,20,986.6,ASX,
3:55:37 PM,49.33,2,98.66,ASX,
3:55:37 PM,49.33,46,2269.18,ASX,
3:55:37 PM,49.33,41,2022.53,ASX,
3:55:37 PM,49.33,54,2663.82,ASX,
3:55:37 PM,49.33,5,246.65,CXA,
3:55:33 PM,49.32,2,98.64,ASX,
3:55:33 PM,49.32,1,49.32,ASX,
3:55:33 PM,49.32,22,1085.04,ASX,
3:55:33 PM,49.32,41,2022.12,ASX,
3:55:30 PM,49.33,248,12233.84,ASX,
3:55:30 PM,49.33,33,1627.89,ASX,
3:55:30 PM,49.33,21,1035.93,ASX,
3:55:30 PM,49.33,208,10260.64,ASX,
3:55:30 PM,49.33,7,345.31,ASX,
3:55:30 PM,49.32,6,295.92,ASX,
3:55:30 PM,49.32,23,1134.36,ASX,
3:55:30 PM,49.32,33,1627.56,ASX,
3:55:30 PM,49.32,48,2367.36,ASX,
3:55:30 PM,49.31,12,591.72,ASX,
3:55:30 PM,49.31,20,986.2,ASX,
3:55:30 PM,49.31,17,838.27,ASX,
3:55:30 PM,49.31,1,49.31,ASX,
3:55:30 PM,49.31,6,295.86,ASX,
3:55:30 PM,49.29,1,49.29,ASX,CXXT
3:55:30 PM,49.33,64,3157.12,CXA,
3:55:30 PM,49.33,6,295.98,CXA,
3:55:30 PM,49.33,16,789.28,CXA,
3:55:30 PM,49.32,16,789.12,CXA,
3:55:30 PM,49.29,25,1232.25,CXA,NX XT
3:55:28 PM,49.29,96,4731.84,CXA,NX XT
3:55:28 PM,49.29,35,1725.15,CXA,NX XT
3:55:28 PM,49.29,3,147.87,CXA,NX XT
3:55:24 PM,49.31,27,1331.37,ASX,
3:55:24 PM,49.31,50,2465.5,ASX,
3:55:24 PM,49.3,2,98.6,ASX,
3:55:24 PM,49.3,7,345.1,ASX,
3:55:24 PM,49.3,47,2317.1,ASX,
3:55:24 PM,49.3,40,1972,ASX,
3:55:24 PM,49.3,42,2070.6,ASX,
3:55:24 PM,49.3,10,493,ASX,
3:55:24 PM,49.3,260,12818,ASX,
3:55:24 PM,49.29,3,147.87,ASX,
3:55:24 PM,49.29,8,394.32,ASX,
3:55:24 PM,49.29,21,1035.09,ASX,
3:55:24 PM,49.29,28,1380.12,ASX,
3:55:24 PM,49.29,47,2316.63,ASX,
3:55:24 PM,49.31,16,788.96,CXA,
3:55:24 PM,49.3,16,788.8,CXA,
3:55:24 PM,49.3,2,98.6,CXA,
3:55:24 PM,49.3,6,295.8,CXA,
3:55:24 PM,49.29,1,49.29,CXA,
3:55:23 PM,49.29,3,147.87,ASX,
3:55:23 PM,49.29,1,49.29,CXA,
3:55:23 PM,49.29,1,49.29,CXA,
3:55:20 PM,49.27,50,2463.5,ASX,
3:55:18 PM,49.3,19,936.7,ASX,XT
3:55:18 PM,49.3,6,295.8,CXA,
3:55:18 PM,49.3,227,11191.1,ASX,
3:55:18 PM,49.29,19,936.51,ASX,
3:55:18 PM,49.29,22,1084.38,ASX,
3:55:18 PM,49.29,20,985.8,ASX,
3:55:18 PM,49.29,7,345.03,ASX,XT
3:55:18 PM,49.3,7,345.1,CXA,
3:55:18 PM,49.3,6,295.8,CXA,
3:55:18 PM,49.3,1,49.3,CXA,
3:55:18 PM,49.3,1,49.3,CXA,
3:55:18 PM,49.3,1,49.3,CXA,
3:55:17 PM,49.29,4,197.16,ASX,
3:55:17 PM,49.29,1,49.29,ASX,
3:55:17 PM,49.27,45,2217.15,ASX,
3:55:17 PM,49.27,11,541.97,ASX,
3:55:17 PM,49.29,2,98.58,ASX,
3:55:17 PM,49.3,9,443.7,ASX,
3:55:15 PM,49.295,1,49.295,ASX,NXXT
3:55:15 PM,49.3,14,690.2,ASX,
3:55:15 PM,49.3,5,246.5,ASX,
3:55:15 PM,49.3,23,1133.9,ASX,
3:55:15 PM,49.29,20,985.8,ASX,
3:55:15 PM,49.29,20,985.8,ASX,
3:55:15 PM,49.3,33,1626.9,ASX,
3:55:15 PM,49.3,28,1380.4,ASX,
3:55:15 PM,49.3,22,1084.6,ASX,
3:55:15 PM,49.3,20,986,ASX,XT
3:55:15 PM,49.3,33,1626.9,ASX,
3:55:15 PM,49.3,50,2465,ASX,
3:55:15 PM,49.31,50,2465.5,ASX,
3:55:15 PM,49.32,9,443.88,ASX,
3:55:15 PM,49.32,25,1233,ASX,
3:55:15 PM,49.32,15,739.8,ASX,
3:55:15 PM,49.32,54,2663.28,ASX,
3:55:15 PM,49.32,12,591.84,ASX,
3:55:15 PM,49.32,9,443.88,ASX,
3:55:15 PM,49.32,5,246.6,ASX,
3:55:15 PM,49.32,6,295.92,ASX,
3:55:15 PM,49.3,23,1133.9,CXA,
3:55:15 PM,49.3,16,788.8,CXA,
3:55:15 PM,49.31,16,788.96,CXA,
3:55:15 PM,49.32,6,295.92,CXA,
3:55:15 PM,49.32,11,542.52,CXA,
3:55:06 PM,49.33,50,2466.5,ASX,
3:55:06 PM,49.32,20,986.4,ASX,XT
3:55:06 PM,49.32,3,147.96,ASX,XT
3:55:06 PM,49.32,1,49.32,ASX,
3:55:06 PM,49.32,22,1085.04,ASX,
3:55:06 PM,49.325,98,4833.85,ASX,CXXT
3:55:06 PM,49.32,20,986.4,ASX,
3:55:04 PM,49.32,50,2466,ASX,
3:55:00 PM,49.34,5,246.7,ASX,
3:55:00 PM,49.34,1,49.34,ASX,
3:55:00 PM,49.33,12,591.96,ASX,
3:55:00 PM,49.33,33,1627.89,ASX,
3:55:00 PM,49.33,45,2219.85,ASX,
3:55:00 PM,49.33,21,1035.93,ASX,
3:55:00 PM,49.33,33,1627.89,ASX,
3:55:00 PM,49.33,6,295.98,ASX,
3:55:00 PM,49.33,74,3650.42,ASX,
3:55:00 PM,49.33,23,1134.59,ASX,
3:55:00 PM,49.33,21,1035.93,ASX,
3:55:00 PM,49.34,103,5082.02,ASX,
3:55:00 PM,49.34,104,5131.36,ASX,
3:55:00 PM,49.34,8,394.72,ASX,
3:55:00 PM,49.33,16,789.28,CXA,
3:55:00 PM,49.34,7,345.38,CXA,
3:55:00 PM,49.34,2,98.68,CXA,
3:55:00 PM,49.34,6,296.04,CXA,
3:54:59 PM,49.36,1,49.36,ASX,
3:54:59 PM,49.35,1,49.35,ASX,CXXT
3:54:58 PM,49.34,13,641.42,ASX,
3:54:58 PM,49.34,4,197.36,ASX,
3:54:58 PM,49.34,11,542.74,ASX,
3:54:58 PM,49.34,2,98.68,CXA,
3:54:58 PM,49.34,21,1036.14,CXA,
3:54:58 PM,49.34,6,296.04,CXA,
3:54:58 PM,49.34,2,98.68,ASX,
3:54:57 PM,49.34,3,148.02,ASX,
3:54:55 PM,49.36,90,4442.4,ASX,
3:54:55 PM,49.36,4,197.44,ASX,
3:54:55 PM,49.36,1,49.36,ASX,
3:54:55 PM,49.36,1,49.36,ASX,
3:54:55 PM,49.35,2,98.7,ASX,
3:54:55 PM,49.35,1,49.35,ASX,
3:54:55 PM,49.35,15,740.25,ASX,
3:54:55 PM,49.35,5,246.75,ASX,
3:54:55 PM,49.35,3,148.05,ASX,
3:54:52 PM,49.34,2,98.68,ASX,
3:54:52 PM,49.34,5,246.7,ASX,CXXT
3:54:52 PM,49.35,11,542.85,ASX,
3:54:52 PM,49.35,3,148.05,ASX,
3:54:52 PM,49.35,33,1628.55,ASX,
3:54:52 PM,49.35,8,394.8,ASX,
3:54:45 PM,49.33,27,1331.91,ASX,
3:54:45 PM,49.33,21,1035.93,ASX,
3:54:45 PM,49.33,30,1479.9,ASX,
3:54:44 PM,49.34,3,148.02,ASX,
3:54:44 PM,49.34,10,493.4,ASX,
3:54:44 PM,49.34,8,394.72,ASX,
3:54:44 PM,49.34,5,246.7,ASX,
3:54:44 PM,49.34,14,690.76,ASX,
3:54:44 PM,49.34,2,98.68,ASX,
3:54:44 PM,49.34,5,246.7,ASX,
3:54:44 PM,49.34,13,641.42,ASX,
3:54:44 PM,49.34,8,394.72,CXA,
3:54:44 PM,49.34,2,98.68,CXA,
3:54:42 PM,49.34,3,148.02,ASX,
3:54:42 PM,49.34,13,641.42,ASX,
3:54:42 PM,49.34,32,1578.88,ASX,
3:54:42 PM,49.34,2,98.68,ASX,
3:54:41 PM,49.34,2,98.68,ASX,
3:54:41 PM,49.34,1,49.34,ASX,
3:54:40 PM,49.35,6,296.1,ASX,CXXT
3:54:40 PM,49.35,1,49.35,ASX,CXXT
3:54:38 PM,49.35,47,2319.45,ASX,
3:54:38 PM,49.35,7,345.45,ASX,
3:54:38 PM,49.35,18,888.3,ASX,
3:54:38 PM,49.35,1,49.35,ASX,
3:54:38 PM,49.35,1,49.35,ASX,
3:54:38 PM,49.35,134,6612.9,ASX,
3:54:37 PM,49.34,15,740.1,ASX,
3:54:37 PM,49.34,3,148.02,ASX,
3:54:37 PM,49.34,7,345.38,ASX,
3:54:37 PM,49.34,1,49.34,ASX,
3:54:37 PM,49.33,21,1035.93,ASX,
3:54:37 PM,49.33,1,49.33,ASX,
3:54:37 PM,49.33,36,1775.88,ASX,
3:54:37 PM,49.33,58,2861.14,ASX,
3:54:37 PM,49.32,3,147.96,ASX,
3:54:37 PM,49.32,7,345.24,ASX,
3:54:37 PM,49.32,48,2367.36,ASX,
3:54:37 PM,49.32,33,1627.56,ASX,
3:54:37 PM,49.31,2,98.62,ASX,
3:54:37 PM,49.31,10,493.1,ASX,
3:54:37 PM,49.31,47,2317.57,ASX,
3:54:37 PM,49.31,20,986.2,ASX,
3:54:37 PM,49.31,1,49.31,ASX,
3:54:37 PM,49.295,2,98.59,ASX,CXXT
3:54:37 PM,49.295,2,98.59,ASX,CXXT
3:54:37 PM,49.32,17,838.44,CXA,
3:54:37 PM,49.32,16,789.12,CXA,
3:54:37 PM,49.31,2,98.62,CXA,
3:54:37 PM,49.31,2,98.62,CXA,
3:54:30 PM,49.27,4,197.08,ASX,
3:54:30 PM,49.27,33,1625.91,ASX,
3:54:30 PM,49.27,20,985.4,ASX,
3:54:30 PM,49.27,33,1625.91,ASX,
3:54:30 PM,49.27,50,2463.5,ASX,
3:54:30 PM,49.27,31,1527.37,CXA,
3:54:30 PM,49.27,2,98.54,CXA,
3:54:30 PM,49.27,9,443.43,CXA,
3:54:29 PM,49.32,11,542.52,CXA,
3:54:29 PM,49.32,16,789.12,CXA,
3:54:29 PM,49.31,3,147.93,CXA,
3:54:28 PM,49.31,2,98.62,ASX,XT
3:54:28 PM,49.31,61,3007.91,ASX,
3:54:28 PM,49.31,47,2317.57,ASX,
3:54:28 PM,49.31,15,739.65,ASX,
3:54:28 PM,49.31,3,147.93,ASX,
3:54:28 PM,49.3,1,49.3,ASX,
3:54:26 PM,49.285,301,14834.785,ASX,CXXT
3:54:26 PM,49.285,301,14834.785,ASX,CXXT
3:54:26 PM,49.3,17,838.1,ASX,
3:54:26 PM,49.3,2,98.6,ASX,
3:54:26 PM,49.3,15,739.5,ASX,
3:54:24 PM,49.3,4,197.2,ASX,
3:54:24 PM,49.3,5,246.5,ASX,
3:54:24 PM,49.3,5,246.5,ASX,
3:54:24 PM,49.3,299,14740.7,ASX,
3:54:24 PM,49.3,2,98.6,CXA,
3:54:18 PM,49.27,32,1576.64,CXA,
3:54:18 PM,49.27,7,344.89,CXA,
3:54:18 PM,49.29,63,3105.27,CXA,CX
3:54:14 PM,49.31,8,394.48,ASX,
3:54:14 PM,49.31,3,147.93,ASX,
3:54:13 PM,49.31,32,1577.92,ASX,
3:54:13 PM,49.31,1,49.31,CXA,
3:54:12 PM,49.32,56,2761.92,ASX,
3:54:12 PM,49.32,20,986.4,ASX,
3:54:12 PM,49.32,13,641.16,ASX,
3:54:12 PM,49.32,74,3649.68,ASX,
3:54:12 PM,49.32,47,2318.04,ASX,
3:54:12 PM,49.31,2,98.62,ASX,
3:54:12 PM,49.31,33,1627.23,ASX,
3:54:12 PM,49.31,74,3648.94,ASX,
3:54:12 PM,49.31,50,2465.5,ASX,
3:54:12 PM,49.3,33,1626.9,ASX,
3:54:12 PM,49.3,10,493,ASX,XT
3:54:12 PM,49.3,62,3056.6,ASX,
3:54:12 PM,49.3,47,2317.1,ASX,
3:54:12 PM,49.3,56,2760.8,ASX,
3:54:12 PM,49.32,7,345.24,CXA,
3:54:12 PM,49.32,16,789.12,CXA,
3:54:12 PM,49.3,16,788.8,CXA,
3:54:12 PM,49.3,6,295.8,CXA,
3:54:10 PM,49.29,20,985.8,ASX,
3:54:10 PM,49.29,1,49.29,ASX,
3:54:04 PM,49.3,18,887.4,ASX,
3:54:04 PM,49.3,47,2317.1,ASX,
3:54:04 PM,49.32,12,591.84,ASX,
3:54:04 PM,49.32,58,2860.56,ASX,
3:54:04 PM,49.32,19,937.08,ASX,
3:54:04 PM,49.32,36,1775.52,ASX,
3:54:04 PM,49.31,33,1627.23,ASX,
3:54:04 PM,49.31,56,2761.36,ASX,
3:54:04 PM,49.31,11,542.41,ASX,
3:54:04 PM,49.3,60,2958,ASX,
3:54:04 PM,49.3,35,1725.5,ASX,
3:54:04 PM,49.3,5,246.5,ASX,
3:54:04 PM,49.29,47,2316.63,ASX,
3:54:04 PM,49.29,10,492.9,ASX,
3:54:04 PM,49.29,5,246.45,ASX,
3:54:04 PM,49.29,5,246.45,ASX,
3:54:04 PM,49.32,16,789.12,CXA,
3:54:04 PM,49.32,78,3846.96,CXA,
3:54:04 PM,49.31,9,443.79,CXA,
3:54:04 PM,49.31,16,788.96,CXA,
3:54:03 PM,49.28,23,1133.44,ASX,
3:54:03 PM,49.28,4,197.12,ASX,
3:54:03 PM,49.28,7,344.96,ASX,
3:54:03 PM,49.28,2,98.56,ASX,
3:54:03 PM,49.28,24,1182.72,ASX,
3:54:03 PM,49.28,146,7194.88,ASX,
3:54:03 PM,49.27,1,49.27,ASX,
3:54:03 PM,49.27,88,4335.76,ASX,
3:54:03 PM,49.27,14,689.78,ASX,
3:54:03 PM,49.27,119,5863.13,ASX,
3:54:03 PM,49.27,11,541.97,ASX,
3:54:03 PM,49.28,1,49.28,CXA,
3:54:03 PM,49.28,1,49.28,CXA,
3:54:03 PM,49.28,1,49.28,CXA,
3:54:02 PM,49.27,2,98.54,ASX,
3:54:02 PM,49.26,21,1034.46,ASX,
3:54:02 PM,49.26,23,1132.98,ASX,
3:54:00 PM,49.26,9,443.34,ASX,
3:54:00 PM,49.26,4,197.04,ASX,
3:54:00 PM,49.26,5,246.3,ASX,
3:54:00 PM,49.26,4,197.04,CXA,
3:54:00 PM,49.26,16,788.16,CXA,
3:54:00 PM,49.27,1,49.27,ASX,XT
3:53:56 PM,49.27,20,985.4,ASX,
3:53:56 PM,49.27,1,49.27,ASX,
3:53:56 PM,49.27,50,2463.5,ASX,
3:53:56 PM,49.27,127,6257.29,ASX,
3:53:56 PM,49.27,11,541.97,ASX,
3:53:56 PM,49.27,149,7341.23,ASX,
3:53:56 PM,49.27,6,295.62,ASX,
3:53:56 PM,49.27,18,886.86,ASX,
3:53:54 PM,49.26,5,246.3,ASX,
3:53:54 PM,49.26,1,49.26,ASX,
3:53:54 PM,49.26,7,344.82,ASX,
3:53:54 PM,49.26,18,886.68,ASX,
3:53:54 PM,49.26,49,2413.74,ASX,
3:53:52 PM,49.27,2,98.54,ASX,
3:53:52 PM,49.27,1,49.27,ASX,
3:53:52 PM,49.27,2,98.54,ASX,
3:53:52 PM,49.27,5,246.35,ASX,
3:53:51 PM,49.27,1,49.27,ASX,
3:53:51 PM,49.27,3,147.81,ASX,
3:53:51 PM,49.27,12,591.24,ASX,
3:53:51 PM,49.27,12,591.24,ASX,
3:53:51 PM,49.27,5,246.35,ASX,
3:53:51 PM,49.27,14,689.78,ASX,
3:53:51 PM,49.27,7,344.89,ASX,
3:53:49 PM,49.27,4,197.08,ASX,
3:53:47 PM,49.27,1,49.27,ASX,
3:53:47 PM,49.27,23,1133.21,ASX,
3:53:47 PM,49.28,9,443.52,ASX,
3:53:47 PM,49.28,1,49.28,ASX,
3:53:45 PM,49.28,4,197.12,ASX,
3:53:42 PM,49.28,4,197.12,ASX,
3:53:42 PM,49.28,45,2217.6,ASX,
3:53:42 PM,49.28,15,739.2,ASX,XT
3:53:42 PM,49.28,6,295.68,ASX,
3:53:42 PM,49.28,5,246.4,CXA,
3:53:42 PM,49.28,172,8476.16,ASX,
3:53:42 PM,49.28,6,295.68,ASX,
3:53:42 PM,49.28,23,1133.44,ASX,
3:53:42 PM,49.28,21,1034.88,ASX,
3:53:42 PM,49.28,6,295.68,ASX,
3:53:42 PM,49.29,3,147.87,ASX,
3:53:42 PM,49.29,38,1873.02,ASX,
3:53:42 PM,49.29,59,2908.11,ASX,
3:53:42 PM,49.29,94,4633.26,ASX,
3:53:42 PM,49.29,10,492.9,ASX,
3:53:42 PM,49.29,11,542.19,ASX,
3:53:42 PM,49.29,20,985.8,ASX,
3:53:40 PM,49.28,1,49.28,ASX,
3:53:40 PM,49.28,1,49.28,ASX,
3:53:39 PM,49.29,5,246.45,ASX,
3:53:39 PM,49.28,34,1675.52,ASX,
3:53:39 PM,49.28,26,1281.28,ASX,
3:53:39 PM,49.28,22,1084.16,ASX,
3:53:39 PM,49.28,25,1232,ASX,
3:53:39 PM,49.28,50,2464,ASX,
3:53:39 PM,49.29,4,197.16,ASX,
3:53:39 PM,49.29,6,295.74,ASX,
3:53:39 PM,49.29,1,49.29,ASX,
3:53:39 PM,49.29,5,246.45,ASX,
3:53:39 PM,49.29,2,98.58,CXA,
3:53:39 PM,49.29,4,197.16,CXA,
3:53:39 PM,49.29,2,98.58,CXA,
3:53:39 PM,49.29,5,246.45,CXA,
3:53:39 PM,49.3,1,49.3,CXA,
3:53:28 PM,49.31,3,147.93,CXA,
3:53:25 PM,49.31,7,345.17,ASX,
3:53:25 PM,49.3,34,1676.2,ASX,
3:53:25 PM,49.3,22,1084.6,ASX,
3:53:25 PM,49.3,36,1774.8,ASX,
3:53:25 PM,49.31,46,2268.26,ASX,
3:53:25 PM,49.31,29,1429.99,ASX,
3:53:25 PM,49.31,29,1429.99,ASX,
3:53:25 PM,49.31,15,739.65,ASX,
3:53:25 PM,49.31,27,1331.37,ASX,
3:53:25 PM,49.31,5,246.55,ASX,
3:53:25 PM,49.31,86,4240.66,ASX,
3:53:25 PM,49.31,32,1577.92,ASX,
3:53:25 PM,49.31,36,1775.16,ASX,
3:53:25 PM,49.31,39,1923.09,ASX,
3:53:25 PM,49.31,25,1232.75,ASX,
3:53:25 PM,49.31,4,197.24,ASX,
3:53:25 PM,49.31,23,1134.13,ASX,
3:53:25 PM,49.32,21,1035.72,ASX,
3:53:25 PM,49.32,31,1528.92,ASX,
3:53:25 PM,49.32,26,1282.32,ASX,
3:53:25 PM,49.32,14,690.48,ASX,
3:53:25 PM,49.32,62,3057.84,ASX,
3:53:25 PM,49.32,44,2170.08,ASX,
3:53:25 PM,49.32,15,739.8,ASX,
3:53:25 PM,49.32,5,246.6,ASX,
3:53:25 PM,49.32,248,12231.36,ASX,
3:53:25 PM,49.31,13,641.03,CXA,
3:53:25 PM,49.32,2,98.64,CXA,
3:53:25 PM,49.32,1,49.32,CXA,
3:53:25 PM,49.32,4,197.28,CXA,
3:53:25 PM,49.32,22,1085.04,CXA,
3:53:25 PM,49.32,23,1134.36,CXA,
3:53:25 PM,49.32,20,986.4,CXA,
3:53:25 PM,49.32,20,986.4,CXA,
3:53:21 PM,49.34,36,1776.24,ASX,
3:53:21 PM,49.34,1,49.34,ASX,
3:53:21 PM,49.34,36,1776.24,ASX,
3:53:21 PM,49.34,82,4045.88,ASX,
3:53:21 PM,49.34,8,394.72,ASX,
3:53:21 PM,49.34,39,1924.26,ASX,
3:53:15 PM,49.33,45,2219.85,ASX,
3:53:14 PM,49.34,4,197.36,ASX,
3:53:14 PM,49.34,2,98.68,ASX,
3:53:14 PM,49.34,15,740.1,ASX,
3:53:14 PM,49.34,6,296.04,ASX,
3:53:14 PM,49.34,1,49.34,ASX,
3:53:14 PM,49.34,1,49.34,ASX,
3:53:14 PM,49.33,1,49.33,ASX,
3:53:14 PM,49.33,2,98.66,ASX,
3:53:14 PM,49.33,3,147.99,ASX,
3:53:14 PM,49.33,87,4291.71,ASX,
3:53:14 PM,49.33,12,591.96,ASX,
3:53:14 PM,49.33,30,1479.9,ASX,
3:53:14 PM,49.33,4,197.32,ASX,
3:53:14 PM,49.33,7,345.31,ASX,
3:53:14 PM,49.33,7,345.31,ASX,
3:53:14 PM,49.32,1,49.32,ASX,NXXT
3:53:11 PM,49.33,1,49.33,ASX,
3:53:11 PM,49.32,8,394.56,ASX,
3:53:11 PM,49.32,11,542.52,ASX,
3:53:11 PM,49.32,10,493.2,ASX,
3:53:11 PM,49.32,8,394.56,ASX,
3:53:11 PM,49.315,2,98.63,ASX,CXXT
3:53:11 PM,49.315,6,295.89,ASX,CXXT
3:53:11 PM,49.32,28,1380.96,ASX,
3:53:11 PM,49.32,14,690.48,ASX,
3:53:11 PM,49.32,1,49.32,ASX,
3:53:11 PM,49.32,5,246.6,CXA,
3:53:11 PM,49.31,5,246.55,ASX,
3:53:10 PM,49.315,2,98.63,ASX,NXXT
3:53:09 PM,49.31,60,2958.6,ASX,
3:53:07 PM,49.31,4,197.24,ASX,
3:53:05 PM,49.31,92,4536.52,ASX,
3:53:04 PM,49.315,15,739.725,CXA,NX XT
3:53:03 PM,49.32,5,246.6,ASX,
3:53:03 PM,49.32,18,887.76,ASX,
3:53:03 PM,49.32,55,2712.6,ASX,XT
3:53:03 PM,49.32,1,49.32,CXA,
3:53:03 PM,49.32,18,887.76,CXA,
3:53:03 PM,49.32,4,197.28,CXA,
3:53:02 PM,49.33,1,49.33,ASX,NXXT
3:53:00 PM,49.32,18,887.76,ASX,
3:53:00 PM,49.32,14,690.48,ASX,
3:53:00 PM,49.32,19,937.08,ASX,
3:53:00 PM,49.32,36,1775.52,ASX,
3:53:00 PM,49.32,50,2466,ASX,
3:53:00 PM,49.32,69,3403.08,ASX,
3:53:00 PM,49.32,2,98.64,CXA,
3:53:00 PM,49.32,2,98.64,CXA,
3:53:00 PM,49.32,7,345.24,CXA,
3:53:00 PM,49.32,19,937.08,CXA,
3:53:00 PM,49.32,16,789.12,CXA,
3:52:59 PM,49.32,3,147.96,ASX,
3:52:58 PM,49.33,7,345.31,ASX,
3:52:58 PM,49.33,26,1282.58,ASX,
3:52:58 PM,49.33,22,1085.26,ASX,
3:52:58 PM,49.33,35,1726.55,ASX,
3:52:58 PM,49.33,58,2861.14,ASX,
3:52:58 PM,49.33,1,49.33,ASX,
3:52:58 PM,49.33,1,49.33,ASX,
3:52:58 PM,49.33,1,49.33,ASX,
3:52:58 PM,49.32,2,98.64,ASX,CXXT
3:52:58 PM,49.33,17,838.61,CXA,
3:52:56 PM,49.32,109,5375.88,ASX,
3:52:56 PM,49.32,2,98.64,ASX,
3:52:56 PM,49.32,2,98.64,ASX,
3:52:56 PM,49.32,2,98.64,ASX,
3:52:56 PM,49.32,15,739.8,ASX,
3:52:56 PM,49.32,1,49.32,ASX,
3:52:56 PM,49.32,1,49.32,ASX,
3:52:56 PM,49.32,17,838.44,CXA,
3:52:56 PM,49.31,12,591.72,ASX,
3:52:56 PM,49.31,5,246.55,ASX,
3:52:56 PM,49.31,99,4881.69,ASX,
3:52:56 PM,49.31,6,295.86,ASX,
3:52:56 PM,49.31,46,2268.26,ASX,
3:52:56 PM,49.31,35,1725.85,ASX,
3:52:56 PM,49.31,16,788.96,ASX,
3:52:56 PM,49.31,4,197.24,ASX,
3:52:56 PM,49.31,54,2662.74,ASX,
3:52:56 PM,49.31,45,2218.95,ASX,
3:52:56 PM,49.3,3,147.9,ASX,
3:52:56 PM,49.3,17,838.1,ASX,
3:52:56 PM,49.3,4,197.2,ASX,
3:52:56 PM,49.31,7,345.17,CXA,
3:52:56 PM,49.31,17,838.27,CXA,
3:52:56 PM,49.31,2,98.62,CXA,
3:52:56 PM,49.31,17,838.27,CXA,
3:52:56 PM,49.31,5,246.55,CXA,
3:52:56 PM,49.31,1,49.31,CXA,
3:52:56 PM,49.31,6,295.86,CXA,
3:52:56 PM,49.3,2,98.6,CXA,
3:52:55 PM,49.28,1,49.28,ASX,
3:52:53 PM,49.3,2,98.6,ASX,
3:52:52 PM,49.28,46,2266.88,ASX,
3:52:52 PM,49.28,43,2119.04,ASX,
3:52:52 PM,49.295,98,4830.91,ASX,CXXT
3:52:52 PM,49.28,32,1576.96,ASX,
3:52:52 PM,49.28,8,394.24,ASX,
3:52:52 PM,49.28,19,936.32,ASX,
3:52:52 PM,49.28,31,1527.68,ASX,
3:52:52 PM,49.29,12,591.48,ASX,
3:52:52 PM,49.29,10,492.9,ASX,
3:52:52 PM,49.29,35,1725.15,ASX,
3:52:52 PM,49.29,37,1823.73,ASX,
3:52:52 PM,49.28,14,689.92,CXA,
3:52:52 PM,49.28,23,1133.44,CXA,
3:52:52 PM,49.29,20,985.8,CXA,
3:52:52 PM,49.29,19,936.51,CXA,
3:52:52 PM,49.29,5,246.45,CXA,
3:52:52 PM,49.29,2,98.58,CXA,
3:52:52 PM,49.29,2,98.58,CXA,
3:52:44 PM,49.3,1,49.3,ASX,NXXT
3:52:42 PM,49.3,1,49.3,ASX,NXXT
3:52:41 PM,49.29,40,1971.6,ASX,
3:52:41 PM,49.305,1,49.305,ASX,NXXT
3:52:40 PM,49.31,21,1035.51,ASX,
3:52:40 PM,49.31,1,49.31,ASX,
3:52:40 PM,49.31,3,147.93,ASX,
3:52:40 PM,49.31,1,49.31,ASX,
3:52:39 PM,49.31,2,98.62,ASX,
3:52:39 PM,49.31,11,542.41,ASX,
3:52:39 PM,49.3,2,98.6,ASX,CXXT
3:52:39 PM,49.29,1,49.29,ASX,
3:52:38 PM,49.31,49,2416.19,ASX,
3:52:38 PM,49.31,1,49.31,ASX,
3:52:38 PM,49.31,1,49.31,ASX,
3:52:38 PM,49.31,7,345.17,ASX,
3:52:38 PM,49.31,50,2465.5,ASX,
3:52:38 PM,49.3,7,345.1,ASX,
3:52:38 PM,49.3,3,147.9,CXA,
3:52:38 PM,49.3,2,98.6,ASX,
3:52:38 PM,49.3,29,1429.7,ASX,
3:52:38 PM,49.3,1,49.3,ASX,
3:52:38 PM,49.3,1,49.3,ASX,
3:52:38 PM,49.29,17,837.93,ASX,
3:52:38 PM,49.29,6,295.74,ASX,
3:52:38 PM,49.29,25,1232.25,ASX,
3:52:38 PM,49.29,37,1823.73,ASX,
3:52:38 PM,49.29,1,49.29,ASX,
3:52:38 PM,49.29,13,640.77,ASX,
3:52:38 PM,49.29,7,345.03,CXA,
3:52:38 PM,49.29,18,887.22,CXA,
3:52:35 PM,49.28,14,689.92,ASX,
3:52:35 PM,49.28,39,1921.92,ASX,
3:52:35 PM,49.28,2,98.56,ASX,
3:52:35 PM,49.28,3,147.84,ASX,
3:52:35 PM,49.28,13,640.64,ASX,
3:52:35 PM,49.28,11,542.08,ASX,
3:52:35 PM,49.28,6,295.68,ASX,
3:52:35 PM,49.28,37,1823.36,ASX,
3:52:35 PM,49.28,1,49.28,ASX,XT
3:52:35 PM,49.27,11,541.97,ASX,XT
3:52:35 PM,49.27,48,2364.96,ASX,
3:52:35 PM,49.27,19,936.13,ASX,
3:52:35 PM,49.27,7,344.89,ASX,
3:52:35 PM,49.27,6,295.62,ASX,
3:52:35 PM,49.27,1,49.27,ASX,
3:52:35 PM,49.28,7,344.96,CXA,
3:52:35 PM,49.28,7,344.96,CXA,
3:52:35 PM,49.28,4,197.12,CXA,
3:52:35 PM,49.27,1,49.27,CXA,
3:52:35 PM,49.27,2,98.54,CXA,
3:52:32 PM,49.26,26,1280.76,ASX,
3:52:32 PM,49.26,8,394.08,ASX,
3:52:30 PM,49.27,1,49.27,ASX,XT
3:52:30 PM,49.26,7,344.82,ASX,
3:52:30 PM,49.26,10,492.6,ASX,
3:52:24 PM,49.27,1,49.27,ASX,
3:52:21 PM,49.26,1,49.26,ASX,
3:52:21 PM,49.27,3,147.81,ASX,
3:52:21 PM,49.27,8,394.16,ASX,
3:52:21 PM,49.27,32,1576.64,ASX,
3:52:21 PM,49.27,47,2315.69,ASX,
3:52:20 PM,49.27,22,1083.94,ASX,
3:52:20 PM,49.27,15,739.05,ASX,
3:52:20 PM,49.27,30,1478.1,CXA,
3:52:20 PM,49.27,6,295.62,CXA,
3:52:20 PM,49.26,60,2955.6,ASX,
3:52:20 PM,49.26,120,5911.2,ASX,
3:52:20 PM,49.26,15,738.9,ASX,
3:52:20 PM,49.26,5,246.3,ASX,
3:52:20 PM,49.26,12,591.12,CXA,
3:52:20 PM,49.26,2,98.52,CXA,
3:52:18 PM,49.255,1,49.255,ASX,NXXT
3:52:18 PM,49.255,3,147.765,ASX,NXXT
3:52:18 PM,49.255,12,591.06,ASX,NXXT
3:52:16 PM,49.255,1,49.255,ASX,NXXT
3:52:16 PM,49.25,45,2216.25,ASX,
3:52:16 PM,49.25,11,541.75,ASX,
3:52:16 PM,49.25,5,246.25,ASX,
3:52:16 PM,49.25,36,1773,ASX,
3:52:15 PM,49.255,1,49.255,ASX,NXXT
3:52:13 PM,49.27,2,98.54,ASX,
3:52:13 PM,49.27,1,49.27,ASX,
3:52:13 PM,49.26,45,2216.7,ASX,
3:52:13 PM,49.26,8,394.08,ASX,
3:52:13 PM,49.26,22,1083.72,ASX,
3:52:13 PM,49.26,72,3546.72,ASX,
3:52:13 PM,49.26,4,197.04,ASX,
3:52:13 PM,49.26,11,541.86,ASX,
3:52:13 PM,49.26,11,541.86,ASX,
3:52:13 PM,49.26,104,5123.04,ASX,
3:52:13 PM,49.26,43,2118.18,ASX,
3:52:13 PM,49.25,24,1182,CXA,
3:52:13 PM,49.26,4,197.04,CXA,
3:52:13 PM,49.26,16,788.16,CXA,
3:52:13 PM,49.26,6,295.56,CXA,
3:52:13 PM,49.26,2,98.52,CXA,
3:52:13 PM,49.26,2,98.52,CXA,
3:52:13 PM,49.26,55,2709.3,CXA,
3:52:11 PM,49.265,1,49.265,ASX,NXXT
3:52:11 PM,49.26,3,147.78,ASX,
3:52:11 PM,49.26,32,1576.32,ASX,
3:52:09 PM,49.26,1,49.26,ASX,
3:52:09 PM,49.265,1,49.265,ASX,NXXT
3:52:09 PM,49.26,21,1034.46,ASX,
3:52:09 PM,49.26,23,1132.98,ASX,
3:52:09 PM,49.26,11,541.86,ASX,
3:52:09 PM,49.26,18,886.68,ASX,
3:52:08 PM,49.245,1,49.245,ASX,NXXT
3:52:07 PM,49.24,1,49.24,ASX,
3:52:06 PM,49.245,1,49.245,ASX,NXXT
3:52:05 PM,49.25,39,1920.75,ASX,XT
3:52:05 PM,49.25,68,3349,ASX,XT
3:52:05 PM,49.25,1,49.25,ASX,
3:52:05 PM,49.25,8,394,ASX,
3:52:05 PM,49.25,23,1132.75,ASX,
3:52:05 PM,49.24,25,1231,ASX,
3:52:05 PM,49.24,33,1624.92,ASX,
3:52:05 PM,49.24,23,1132.52,ASX,
3:52:05 PM,49.25,19,935.75,CXA,
3:52:04 PM,49.23,1,49.23,ASX,NXXT
3:52:04 PM,49.24,15,738.6,ASX,
3:52:04 PM,49.24,62,3052.88,ASX,
3:52:04 PM,49.24,19,935.56,ASX,
3:52:04 PM,49.24,22,1083.28,ASX,
3:52:04 PM,49.24,19,935.56,ASX,
3:52:04 PM,49.24,50,2462,ASX,
3:52:04 PM,49.25,6,295.5,CXA,
3:52:04 PM,49.24,6,295.44,CXA,
3:52:04 PM,49.24,1,49.24,CXA,
3:52:04 PM,49.24,1,49.24,CXA,
3:52:04 PM,49.24,10,492.4,CXA,
3:52:03 PM,49.23,1,49.23,ASX,NXXT
3:52:02 PM,49.23,6,295.38,ASX,NXXT
3:52:02 PM,49.22,49,2411.78,ASX,
3:52:02 PM,49.23,7,344.61,ASX,
3:52:02 PM,49.23,1,49.23,ASX,
3:52:02 PM,49.23,5,246.15,ASX,
3:52:02 PM,49.23,31,1526.13,ASX,
3:52:02 PM,49.23,20,984.6,ASX,
3:52:00 PM,49.24,1,49.24,ASX,NXXT
3:51:59 PM,49.24,4,196.96,ASX,NXXT
3:51:59 PM,49.23,12,590.76,ASX,
3:51:59 PM,49.23,34,1673.82,ASX,
3:51:59 PM,49.23,33,1624.59,ASX,
3:51:59 PM,49.23,57,2806.11,CXA,
3:51:58 PM,49.24,4,196.96,ASX,NXXT
3:51:58 PM,49.24,1,49.24,ASX,NXXT
3:51:57 PM,49.25,10,492.5,ASX,
3:51:57 PM,49.24,6,295.44,ASX,
3:51:57 PM,49.24,14,689.36,ASX,
3:51:57 PM,49.24,3,147.72,ASX,
3:51:57 PM,49.24,22,1083.28,ASX,
3:51:57 PM,49.24,6,295.44,ASX,
3:51:57 PM,49.24,20,984.8,ASX,
3:51:57 PM,49.24,48,2363.52,ASX,XT
3:51:57 PM,49.24,25,1231,ASX,
3:51:57 PM,49.24,7,344.68,CXA,
3:51:57 PM,49.24,18,886.32,CXA,
3:51:57 PM,49.24,14,689.36,CXA,
3:51:57 PM,49.25,1,49.25,ASX,NXXT
3:51:55 PM,49.25,20,985,ASX,
3:51:55 PM,49.25,20,985,ASX,
3:51:55 PM,49.25,37,1822.25,ASX,
3:51:55 PM,49.26,39,1921.14,ASX,
3:51:55 PM,49.26,6,295.56,ASX,
3:51:55 PM,49.26,11,541.86,ASX,
3:51:55 PM,49.26,15,738.9,ASX,
3:51:55 PM,49.25,23,1132.75,CXA,
3:51:55 PM,49.26,11,541.86,CXA,
3:51:55 PM,49.26,2,98.52,CXA,
3:51:55 PM,49.26,36,1773.36,CXA,
3:51:55 PM,49.26,4,197.04,CXA,
3:51:54 PM,49.27,1,49.27,ASX,NXXT
3:51:54 PM,49.26,28,1379.28,ASX,
3:51:52 PM,49.275,1,49.275,ASX,NXXT
3:51:51 PM,49.275,1,49.275,ASX,NXXT
3:51:49 PM,49.275,1,49.275,ASX,NXXT
3:51:49 PM,49.29,14,690.06,ASX,
3:51:49 PM,49.29,4,197.16,ASX,
3:51:49 PM,49.29,13,640.77,ASX,
3:51:49 PM,49.29,31,1527.99,ASX,
3:51:48 PM,49.275,1,49.275,ASX,NXXT
3:51:47 PM,49.275,1,49.275,ASX,NXXT
3:51:45 PM,49.275,1,49.275,ASX,NXXT
3:51:45 PM,49.26,14,689.64,ASX,
3:51:45 PM,49.26,50,2463,ASX,
3:51:44 PM,49.28,8,394.24,ASX,
3:51:44 PM,49.28,3,147.84,CXA,
3:51:44 PM,49.29,6,295.74,ASX,XT
3:51:44 PM,49.29,14,690.06,ASX,
3:51:44 PM,49.29,6,295.74,ASX,
3:51:44 PM,49.29,23,1133.67,ASX,
3:51:44 PM,49.29,1,49.29,ASX,
3:51:44 PM,49.275,1,49.275,ASX,NXXT
3:51:42 PM,49.275,1,49.275,ASX,NXXT
3:51:40 PM,49.275,1,49.275,ASX,NXXT
3:51:39 PM,49.275,1,49.275,ASX,NXXT
3:51:37 PM,49.275,1,49.275,ASX,NXXT
3:51:36 PM,49.28,2,98.56,ASX,
3:51:36 PM,49.28,7,344.96,ASX,
3:51:36 PM,49.28,6,295.68,ASX,
3:51:36 PM,49.27,1,49.27,ASX,
3:51:36 PM,49.27,11,541.97,ASX,
3:51:36 PM,49.27,17,837.59,ASX,
3:51:36 PM,49.27,31,1527.37,ASX,
3:51:36 PM,49.26,1,49.26,ASX,CXXT
3:51:36 PM,49.27,31,1527.37,ASX,
3:51:36 PM,49.27,1,49.27,ASX,
3:51:36 PM,49.27,19,936.13,ASX,
3:51:36 PM,49.27,19,936.13,ASX,
3:51:36 PM,49.27,1,49.27,CXA,
3:51:36 PM,49.27,1,49.27,CXA,
3:51:36 PM,49.27,6,295.62,CXA,
3:51:35 PM,49.26,1,49.26,ASX,NXXT
3:51:35 PM,49.25,2,98.5,ASX,
3:51:34 PM,49.25,2,98.5,ASX,
3:51:34 PM,49.25,9,443.25,ASX,
3:51:34 PM,49.26,4,197.04,ASX,NXXT
3:51:32 PM,49.25,1,49.25,CXA,
3:51:31 PM,49.25,19,935.75,CXA,
3:51:30 PM,49.25,51,2511.75,ASX,
3:51:30 PM,49.25,13,640.25,ASX,
3:51:29 PM,49.26,1,49.26,ASX,NXXT
3:51:28 PM,49.26,1,49.26,ASX,NXXT
3:51:27 PM,49.26,1,49.26,ASX,NXXT
3:51:25 PM,49.26,5,246.3,ASX,NXXT
3:51:24 PM,49.26,1,49.26,ASX,NXXT
3:51:24 PM,49.26,11,541.86,ASX,NXXT
3:51:23 PM,49.26,27,1330.02,ASX,
3:51:23 PM,49.26,26,1280.76,ASX,
3:51:23 PM,49.26,12,591.12,ASX,
3:51:23 PM,49.26,1,49.26,ASX,
3:51:23 PM,49.26,4,197.04,ASX,
3:51:23 PM,49.26,6,295.56,ASX,
3:51:23 PM,49.26,36,1773.36,ASX,
3:51:23 PM,49.26,52,2561.52,ASX,
3:51:23 PM,49.27,13,640.51,ASX,
3:51:23 PM,49.27,1,49.27,ASX,
3:51:23 PM,49.27,27,1330.29,ASX,
3:51:23 PM,49.27,2,98.54,ASX,
3:51:23 PM,49.27,7,344.89,ASX,
3:51:23 PM,49.27,2,98.54,ASX,
3:51:23 PM,49.27,1,49.27,ASX,
3:51:23 PM,49.27,4,197.08,ASX,
3:51:23 PM,49.27,21,1034.67,ASX,
3:51:23 PM,49.27,6,295.62,ASX,
3:51:23 PM,49.26,3,147.78,CXA,
3:51:23 PM,49.26,45,2216.7,CXA,
3:51:23 PM,49.27,8,394.16,CXA,
3:51:23 PM,49.27,7,344.89,CXA,
3:51:23 PM,49.27,18,886.86,CXA,
3:51:23 PM,49.27,32,1576.64,CXA,
3:51:23 PM,49.27,40,1970.8,CXA,
3:51:21 PM,49.28,1,49.28,ASX,NXXT
3:51:21 PM,49.27,33,1625.91,ASX,
3:51:21 PM,49.27,37,1822.99,ASX,
3:51:20 PM,49.28,1,49.28,ASX,NXXT
3:51:18 PM,49.28,1,49.28,ASX,NXXT
3:51:17 PM,49.29,6,295.74,CXA,
3:51:17 PM,49.28,1,49.28,ASX,NXXT
3:51:16 PM,49.285,1,49.285,ASX,NXXT
3:51:15 PM,49.29,1,49.29,ASX,NXXT
3:51:14 PM,49.29,1,49.29,ASX,NXXT
3:51:12 PM,49.29,1,49.29,ASX,NXXT
3:51:10 PM,49.295,1,49.295,ASX,NXXT
3:51:09 PM,49.27,3,147.81,ASX,
3:51:09 PM,49.32,84,4142.88,ASX,
3:51:09 PM,49.31,21,1035.51,ASX,
3:51:09 PM,49.31,23,1134.13,ASX,
3:51:09 PM,49.31,5,246.55,ASX,
3:51:09 PM,49.31,225,11094.75,ASX,
3:51:09 PM,49.3,2,98.6,ASX,
3:51:09 PM,49.3,7,345.1,ASX,
3:51:09 PM,49.3,145,7148.5,ASX,
3:51:09 PM,49.3,480,23664,ASX,
3:51:09 PM,49.29,1,49.29,ASX,
3:51:09 PM,49.29,1,49.29,ASX,
3:51:09 PM,49.31,8,394.48,CXA,
3:51:09 PM,49.29,10,492.9,ASX,
3:51:09 PM,49.29,6,295.74,ASX,
3:51:09 PM,49.27,2,98.54,ASX,CXXT
3:51:08 PM,49.26,55,2709.3,ASX,
3:51:08 PM,49.275,1,49.275,ASX,NXXT
3:51:06 PM,49.275,1,49.275,ASX,NXXT
3:51:05 PM,49.275,1,49.275,ASX,NXXT
3:51:04 PM,49.27,5,246.35,ASX,
3:51:04 PM,49.27,6,295.62,ASX,
3:51:04 PM,49.27,54,2660.58,ASX,
3:51:04 PM,49.27,39,1921.53,CXA,
3:51:04 PM,49.27,2,98.54,CXA,
3:51:04 PM,49.27,1,49.27,CXA,
3:51:02 PM,49.28,1,49.28,ASX,NXXT
3:51:02 PM,49.28,1,49.28,ASX,NXXT
3:50:59 PM,49.28,21,1034.88,ASX,
3:50:59 PM,49.28,39,1921.92,ASX,
3:50:59 PM,49.29,15,739.35,ASX,
3:50:59 PM,49.29,21,1035.09,ASX,
3:50:59 PM,49.29,24,1182.96,ASX,
3:50:59 PM,49.29,23,1133.67,ASX,
3:50:59 PM,49.29,10,492.9,ASX,
3:50:59 PM,49.3,23,1133.9,ASX,
3:50:59 PM,49.3,58,2859.4,ASX,
3:50:59 PM,49.3,22,1084.6,ASX,
3:50:59 PM,49.3,49,2415.7,ASX,
3:50:59 PM,49.3,39,1922.7,ASX,
3:50:59 PM,49.31,47,2317.57,ASX,
3:50:59 PM,49.31,39,1923.09,ASX,
3:50:59 PM,49.31,21,1035.51,ASX,
3:50:59 PM,49.31,56,2761.36,ASX,
3:50:59 PM,49.31,31,1528.61,ASX,
3:50:59 PM,49.31,23,1134.13,ASX,
3:50:59 PM,49.31,12,591.72,ASX,
3:50:59 PM,49.31,54,2662.74,ASX,
3:50:59 PM,49.31,37,1824.47,ASX,
3:50:59 PM,49.29,39,1922.31,CXA,
3:50:59 PM,49.29,18,887.22,CXA,
3:50:59 PM,49.3,26,1281.8,CXA,
3:50:59 PM,49.3,93,4584.9,CXA,
3:50:59 PM,49.3,5,246.5,CXA,
3:50:59 PM,49.3,19,936.7,CXA,
3:50:59 PM,49.31,10,493.1,CXA,
3:50:59 PM,49.31,38,1873.78,CXA,
3:50:59 PM,49.31,18,887.58,CXA,
3:50:59 PM,49.32,6,295.92,ASX,
3:50:59 PM,49.32,1,49.32,ASX,
3:50:59 PM,49.32,37,1824.84,ASX,
3:50:59 PM,49.32,21,1035.72,ASX,
3:50:59 PM,49.32,11,542.52,ASX,
3:50:59 PM,49.32,20,986.4,ASX,
3:50:59 PM,49.32,2,98.64,ASX,
3:50:59 PM,49.32,5,246.6,ASX,
3:50:59 PM,49.32,25,1233,ASX,
3:50:59 PM,49.32,37,1824.84,ASX,
3:50:59 PM,49.32,24,1183.68,ASX,
3:50:59 PM,49.32,70,3452.4,ASX,
3:50:59 PM,49.32,26,1282.32,ASX,
3:50:59 PM,49.32,46,2268.72,ASX,
3:50:59 PM,49.32,22,1085.04,ASX,XT
3:50:59 PM,49.32,1,49.32,CXA,
3:50:59 PM,49.32,1,49.32,CXA,
3:50:59 PM,49.32,18,887.76,CXA,
3:50:59 PM,49.32,29,1430.28,CXA,
3:50:58 PM,49.335,1,49.335,ASX,NXXT
3:50:56 PM,49.33,3,147.99,ASX,
3:50:56 PM,49.33,36,1775.88,ASX,XT
3:50:56 PM,49.33,11,542.63,ASX,XT
3:50:56 PM,49.34,1,49.34,ASX,NXXT
3:50:55 PM,49.33,11,542.63,ASX,
3:50:55 PM,49.33,4,197.32,ASX,
3:50:55 PM,49.33,20,986.6,ASX,
3:50:55 PM,49.33,15,739.95,ASX,
3:50:55 PM,49.33,28,1381.24,ASX,
3:50:55 PM,49.33,54,2663.82,ASX,
3:50:55 PM,49.33,50,2466.5,ASX,
3:50:55 PM,49.35,1,49.35,ASX,
3:50:54 PM,49.35,2,98.7,ASX,
3:50:54 PM,49.35,17,838.95,ASX,
3:50:54 PM,49.35,12,592.2,ASX,
3:50:54 PM,49.35,8,394.8,ASX,
3:50:54 PM,49.35,45,2220.75,ASX,
3:50:54 PM,49.35,134,6612.9,ASX,
3:50:54 PM,49.35,19,937.65,ASX,
3:50:54 PM,49.35,7,345.45,CXA,
3:50:54 PM,49.34,1,49.34,ASX,
3:50:54 PM,49.34,6,296.04,ASX,
3:50:54 PM,49.34,6,296.04,ASX,
3:50:54 PM,49.34,7,345.38,ASX,
3:50:54 PM,49.34,15,740.1,ASX,
3:50:54 PM,49.34,1,49.34,ASX,
3:50:54 PM,49.34,1,49.34,CXA,
3:50:54 PM,49.34,2,98.68,CXA,
3:50:53 PM,49.325,1,49.325,ASX,NXXT
3:50:52 PM,49.325,1,49.325,ASX,NXXT
3:50:50 PM,49.325,1,49.325,ASX,NXXT
3:50:48 PM,49.325,1,49.325,ASX,NXXT
3:50:46 PM,49.325,1,49.325,ASX,NXXT
3:50:45 PM,49.34,1,49.34,ASX,
3:50:45 PM,49.34,2,98.68,ASX,
3:50:45 PM,49.34,2,98.68,ASX,
3:50:45 PM,49.34,6,296.04,ASX,
3:50:45 PM,49.34,49,2417.66,ASX,
3:50:45 PM,49.34,66,3256.44,ASX,
3:50:45 PM,49.34,19,937.46,ASX,
3:50:45 PM,49.34,5,246.7,ASX,
3:50:45 PM,49.34,6,296.04,ASX,
3:50:45 PM,49.33,3,147.99,ASX,
3:50:45 PM,49.33,15,739.95,ASX,
3:50:45 PM,49.33,1,49.33,ASX,
3:50:45 PM,49.33,19,937.27,ASX,
3:50:45 PM,49.33,14,690.62,ASX,
3:50:45 PM,49.33,62,3058.46,ASX,
3:50:45 PM,49.33,2,98.66,CXA,
3:50:45 PM,49.33,5,246.65,CXA,
3:50:45 PM,49.33,6,295.98,CXA,
3:50:41 PM,49.315,1,49.315,ASX,NXXT
3:50:40 PM,49.315,1,49.315,ASX,NXXT
3:50:40 PM,49.31,10,493.1,ASX,
3:50:39 PM,49.315,1,49.315,ASX,NXXT
3:50:37 PM,49.31,5,246.55,ASX,
3:50:37 PM,49.31,39,1923.09,ASX,
3:50:37 PM,49.31,1,49.31,ASX,
3:50:37 PM,49.31,44,2169.64,ASX,
3:50:37 PM,49.31,1,49.31,ASX,
3:50:37 PM,49.31,39,1923.09,ASX,
3:50:37 PM,49.31,12,591.72,ASX,
3:50:37 PM,49.31,14,690.34,ASX,
3:50:37 PM,49.31,13,641.03,CXA,
3:50:37 PM,49.31,2,98.62,CXA,
3:50:37 PM,49.31,4,197.24,ASX,
3:50:37 PM,49.31,33,1627.23,ASX,XT
3:50:37 PM,49.31,54,2662.74,ASX,XT
3:50:37 PM,49.31,31,1528.61,ASX,
3:50:37 PM,49.31,17,838.27,ASX,
3:50:37 PM,49.325,98,4833.85,ASX,CXXT
3:50:37 PM,49.31,10,493.1,CXA,
3:50:37 PM,49.31,1,49.31,CXA,
3:50:37 PM,49.31,19,936.89,CXA,
3:50:37 PM,49.31,37,1824.47,CXA,
3:50:37 PM,49.31,7,345.17,CXA,
3:50:37 PM,49.31,33,1627.23,ASX,
3:50:36 PM,49.325,1,49.325,ASX,NXXT
3:50:35 PM,49.325,1,49.325,ASX,NXXT
3:50:34 PM,49.325,1,49.325,ASX,NXXT
3:50:33 PM,49.325,1,49.325,ASX,NXXT
3:50:33 PM,49.34,1,49.34,ASX,
3:50:31 PM,49.33,1,49.33,ASX,NXXT
3:50:31 PM,49.33,1,49.33,ASX,NXXT
3:50:29 PM,49.33,1,49.33,ASX,NXXT
3:50:28 PM,49.33,2,98.66,ASX,NXXT
3:50:26 PM,49.33,1,49.33,ASX,
3:50:26 PM,49.35,24,1184.4,ASX,
3:50:26 PM,49.35,39,1924.65,ASX,
3:50:26 PM,49.35,6,296.1,ASX,
3:50:26 PM,49.35,1,49.35,ASX,
3:50:26 PM,49.34,1,49.34,ASX,
3:50:26 PM,49.33,49,2417.17,ASX,
3:50:26 PM,49.32,1,49.32,ASX,
3:50:26 PM,49.33,7,345.31,ASX,
3:50:26 PM,49.33,4,197.32,ASX,
3:50:26 PM,49.33,1,49.33,ASX,
3:50:26 PM,49.33,14,690.62,ASX,
3:50:26 PM,49.32,3,147.96,ASX,
3:50:26 PM,49.32,14,690.48,ASX,
3:50:26 PM,49.32,19,937.08,ASX,
3:50:26 PM,49.32,1,49.32,ASX,
3:50:26 PM,49.32,31,1528.92,ASX,XT
3:50:26 PM,49.32,1,49.32,CXA,
3:50:25 PM,49.305,1,49.305,ASX,NXXT
3:50:22 PM,49.31,1,49.31,ASX,
3:50:22 PM,49.295,2,98.59,ASX,NXXT
3:50:19 PM,49.31,2,98.62,ASX,
3:50:19 PM,49.31,39,1923.09,ASX,
3:50:19 PM,49.3,93,4584.9,ASX,
3:50:19 PM,49.3,12,591.6,ASX,
3:50:19 PM,49.3,39,1922.7,ASX,
3:50:19 PM,49.3,11,542.3,ASX,
3:50:19 PM,49.3,19,936.7,CXA,
3:50:17 PM,49.275,1,49.275,ASX,NXXT
3:50:15 PM,49.275,1,49.275,ASX,NXXT
3:50:12 PM,49.27,1,49.27,ASX,NXXT
3:50:12 PM,49.29,1,49.29,ASX,
3:50:12 PM,49.29,2,98.58,ASX,
3:50:12 PM,49.29,19,936.51,CXA,
3:50:11 PM,49.29,10,492.9,ASX,
3:50:11 PM,49.29,25,1232.25,ASX,
3:50:11 PM,49.27,1,49.27,ASX,NXXT
3:50:10 PM,49.28,6,295.68,ASX,
3:50:10 PM,49.28,17,837.76,ASX,
3:50:10 PM,49.28,39,1921.92,ASX,
3:50:10 PM,49.28,2,98.56,ASX,
3:50:10 PM,49.27,17,837.59,ASX,
3:50:10 PM,49.26,5,246.3,CXA,NX XT
3:50:10 PM,49.27,22,1083.94,ASX,
3:50:10 PM,49.27,23,1133.21,ASX,
3:50:10 PM,49.27,24,1182.48,ASX,
3:50:10 PM,49.27,25,1231.75,ASX,
3:50:10 PM,49.27,1,49.27,ASX,
3:50:10 PM,49.27,3,147.81,ASX,
3:50:10 PM,49.27,50,2463.5,ASX,
3:50:10 PM,49.28,19,936.32,CXA,
3:50:10 PM,49.255,1,49.255,ASX,NXXT
3:50:09 PM,49.25,5,246.25,ASX,
3:50:07 PM,49.25,1,49.25,ASX,
3:50:07 PM,49.25,29,1428.25,ASX,
3:50:07 PM,49.25,73,3595.25,ASX,
3:50:06 PM,49.26,17,837.42,ASX,
3:50:06 PM,49.26,54,2660.04,ASX,
3:50:06 PM,49.26,10,492.6,ASX,
3:50:06 PM,49.26,9,443.34,ASX,
3:50:06 PM,49.26,50,2463,ASX,
3:50:05 PM,49.26,10,492.6,CXA,
3:50:03 PM,49.26,37,1822.62,CXA,
3:50:03 PM,49.26,4,197.04,CXA,
3:50:03 PM,49.26,2,98.52,CXA,
3:50:03 PM,49.26,2,98.52,CXA,
3:50:03 PM,49.26,2,98.52,CXA,
3:50:02 PM,49.27,5,246.35,ASX,
3:50:02 PM,49.27,1,49.27,ASX,
3:50:02 PM,49.27,3,147.81,ASX,XT
3:50:02 PM,49.27,52,2562.04,ASX,XT
3:50:02 PM,49.27,20,985.4,ASX,
3:50:02 PM,49.27,19,936.13,CXA,
3:50:01 PM,49.26,2,98.52,ASX,
3:50:01 PM,49.26,3,147.78,ASX,
3:50:01 PM,49.26,9,443.34,ASX,
3:50:01 PM,49.26,1,49.26,ASX,
3:50:01 PM,49.26,65,3201.9,ASX,
3:50:01 PM,49.26,15,738.9,ASX,
3:50:01 PM,49.26,63,3103.38,ASX,
3:50:01 PM,49.26,20,985.2,ASX,
3:50:01 PM,49.26,22,1083.72,ASX,
3:50:01 PM,49.25,3,147.75,ASX,CXXT
3:50:01 PM,49.25,2,98.5,ASX,CXXT
3:50:01 PM,49.26,13,640.38,CXA,
3:50:01 PM,49.26,7,344.82,CXA,
3:50:01 PM,49.26,11,541.86,CXA,
3:50:01 PM,49.26,1,49.26,CXA,
3:50:01 PM,49.26,1,49.26,CXA,
3:49:56 PM,49.245,6,295.47,ASX,NXXT
3:49:55 PM,49.25,37,1822.25,ASX,
3:49:55 PM,49.25,12,591,ASX,
3:49:55 PM,49.25,22,1083.5,ASX,
3:49:55 PM,49.25,14,689.5,ASX,
3:49:55 PM,49.25,92,4531,ASX,XT
3:49:55 PM,49.25,16,788,ASX,XT
3:49:55 PM,49.25,3,147.75,CXA,
3:49:54 PM,49.26,6,295.56,ASX,NXXT
3:49:54 PM,49.26,6,295.56,ASX,
3:49:53 PM,49.26,1,49.26,ASX,
3:49:53 PM,49.26,44,2167.44,ASX,
3:49:53 PM,49.26,15,738.9,ASX,
3:49:53 PM,49.27,4,197.08,ASX,NXXT
3:49:51 PM,49.27,5,246.35,ASX,
3:49:51 PM,49.27,31,1527.37,ASX,
3:49:51 PM,49.27,63,3104.01,CXA,NX XT
3:49:51 PM,49.27,26,1281.02,CXA,NX XT
3:49:51 PM,49.27,41,2020.07,ASX,
3:49:51 PM,49.27,5,246.35,ASX,
3:49:51 PM,49.27,2,98.54,ASX,
3:49:51 PM,49.27,2,98.54,ASX,
3:49:51 PM,49.27,19,936.13,CXA,
3:49:48 PM,49.27,92,4532.84,CXA,
3:49:48 PM,49.27,16,788.32,CXA,
3:49:48 PM,49.275,17,837.675,ASX,NXXT
3:49:47 PM,49.27,7,344.89,ASX,
3:49:46 PM,49.27,9,443.43,ASX,
3:49:46 PM,49.27,1,49.27,ASX,
3:49:46 PM,49.27,6,295.62,ASX,
3:49:46 PM,49.27,1,49.27,ASX,
3:49:46 PM,49.28,6,295.68,ASX,NXXT
3:49:44 PM,49.285,5,246.425,ASX,NXXT
3:49:43 PM,49.285,21,1034.985,CXA,NX XT
3:49:43 PM,49.285,49,2414.965,CXA,NX XT
3:49:43 PM,49.285,159,7836.315,CXA,NX XT
3:49:42 PM,49.29,36,1774.44,ASX,
3:49:39 PM,49.28,26,1281.28,ASX,
3:49:39 PM,49.28,14,689.92,ASX,
3:49:39 PM,49.28,11,542.08,ASX,
3:49:39 PM,49.29,23,1133.67,ASX,
3:49:39 PM,49.29,20,985.8,ASX,
3:49:39 PM,49.29,56,2760.24,ASX,
3:49:39 PM,49.28,19,936.32,CXA,
3:49:39 PM,49.29,1,49.29,CXA,
3:49:38 PM,49.3,5,246.5,ASX,
3:49:38 PM,49.3,7,345.1,ASX,
3:49:38 PM,49.3,52,2563.6,ASX,
3:49:37 PM,49.3,1,49.3,CXA,
3:49:37 PM,49.3,2,98.6,ASX,
3:49:35 PM,49.3,38,1873.4,CXA,
3:49:35 PM,49.3,1,49.3,ASX,
3:49:35 PM,49.3,200,9860,ASX,
3:49:35 PM,49.3,89,4387.7,ASX,
3:49:35 PM,49.3,55,2711.5,ASX,
3:49:35 PM,49.3,792,39045.6,ASX,
3:49:35 PM,49.29,10,492.9,CXA,
3:49:35 PM,49.29,1,49.29,CXA,
3:49:35 PM,49.29,36,1774.44,CXA,
3:49:35 PM,49.29,2,98.58,CXA,
3:49:35 PM,49.3,1,49.3,ASX,
3:49:34 PM,49.31,5,246.55,ASX,NXXT
3:49:34 PM,49.32,36,1775.52,ASX,
3:49:34 PM,49.32,3,147.96,ASX,
3:49:34 PM,49.32,2,98.64,ASX,
3:49:34 PM,49.32,4,197.28,ASX,
3:49:34 PM,49.32,39,1923.48,ASX,
3:49:34 PM,49.32,19,937.08,CXA,
3:49:33 PM,49.3,1,49.3,ASX,NXXT
3:49:33 PM,49.3,1,49.3,ASX,
3:49:33 PM,49.3,50,2465,ASX,
3:49:33 PM,49.28,18,887.04,CXA,
3:49:33 PM,49.28,11,542.08,CXA,
3:49:33 PM,49.29,4,197.16,ASX,NXXT
3:49:32 PM,49.28,6,295.68,ASX,
3:49:31 PM,49.28,11,542.08,ASX,
3:49:31 PM,49.28,14,689.92,ASX,
3:49:31 PM,49.28,72,3548.16,ASX,
3:49:31 PM,49.28,28,1379.84,ASX,
3:49:31 PM,49.295,7,345.065,ASX,NXXT
3:49:31 PM,49.295,6,295.77,ASX,NXXT
3:49:30 PM,49.28,8,394.24,CXA,
3:49:30 PM,49.28,20,985.6,CXA,
3:49:30 PM,49.28,3,147.84,CXA,
3:49:30 PM,49.28,12,591.36,CXA,
3:49:30 PM,49.28,22,1084.16,ASX,
3:49:28 PM,49.27,28,1379.56,ASX,
3:49:28 PM,49.27,7,344.89,ASX,
3:49:28 PM,49.27,1,49.27,ASX,
3:49:28 PM,49.27,50,2463.5,ASX,
3:49:27 PM,49.29,1,49.29,ASX,NXXT
3:49:27 PM,49.29,3,147.87,CXA,NX XT
3:49:25 PM,49.31,1,49.31,ASX,
3:49:25 PM,49.29,1,49.29,ASX,CXXT
3:49:25 PM,49.29,2,98.58,CXA,NX XT
3:49:23 PM,49.31,9,443.79,ASX,
3:49:23 PM,49.31,11,542.41,ASX,
3:49:23 PM,49.31,23,1134.13,ASX,
3:49:23 PM,49.31,16,788.96,ASX,
3:49:21 PM,49.31,9,443.79,ASX,
3:49:21 PM,49.31,23,1134.13,ASX,
3:49:21 PM,49.31,7,345.17,ASX,
3:49:21 PM,49.31,6,295.86,ASX,
3:49:21 PM,49.3,21,1035.3,ASX,
3:49:21 PM,49.3,4,197.2,ASX,
3:49:21 PM,49.29,66,3253.14,ASX,
3:49:21 PM,49.28,1,49.28,ASX,
3:49:21 PM,49.28,10,492.8,ASX,
3:49:21 PM,49.28,20,985.6,ASX,
3:49:21 PM,49.28,34,1675.52,ASX,
3:49:21 PM,49.26,21,1034.46,ASX,
3:49:19 PM,49.26,9,443.34,ASX,XT
3:49:19 PM,49.26,54,2660.04,CXA,
3:49:15 PM,49.27,6,295.62,ASX,
3:49:14 PM,49.27,6,295.62,ASX,
3:49:14 PM,49.27,7,344.89,ASX,
3:49:14 PM,49.27,21,1034.67,ASX,
3:49:14 PM,49.27,36,1773.72,ASX,XT
3:49:14 PM,49.27,2,98.54,ASX,
3:49:14 PM,49.27,17,837.59,ASX,
3:49:14 PM,49.27,20,985.4,ASX,
3:49:14 PM,49.27,2,98.54,CXA,
3:49:14 PM,49.27,1,49.27,CXA,
3:49:14 PM,49.27,3,147.81,CXA,
3:49:14 PM,49.27,36,1773.72,CXA,
3:49:12 PM,49.27,37,1822.99,ASX,
3:49:12 PM,49.27,31,1527.37,ASX,
3:49:10 PM,49.29,1,49.29,CXA,
3:49:10 PM,49.29,1,49.29,CXA,
3:49:10 PM,49.29,1,49.29,CXA,
3:49:08 PM,49.28,16,788.48,ASX,
3:49:07 PM,49.285,17,837.845,CXA,NX XT
3:49:07 PM,49.28,8,394.24,ASX,
3:49:07 PM,49.29,9,443.61,ASX,
3:49:07 PM,49.29,19,936.51,ASX,
3:49:07 PM,49.29,7,345.03,ASX,
3:49:07 PM,49.28,5,246.4,ASX,
3:49:07 PM,49.28,2,98.56,ASX,
3:49:07 PM,49.28,1,49.28,ASX,
3:49:07 PM,49.28,8,394.24,CXA,
3:49:07 PM,49.28,1,49.28,CXA,
3:49:07 PM,49.29,58,2858.82,ASX,
3:49:07 PM,49.29,3,147.87,ASX,
3:49:07 PM,49.29,62,3055.98,ASX,
3:49:07 PM,49.29,93,4583.97,ASX,
3:49:07 PM,49.29,540,26616.6,ASX,
3:49:07 PM,49.29,15,739.35,CXA,
3:49:07 PM,49.29,7,345.03,CXA,
3:49:07 PM,49.28,1,49.28,ASX,
3:49:05 PM,49.29,6,295.74,ASX,
3:49:05 PM,49.29,8,394.32,ASX,
3:49:05 PM,49.29,51,2513.79,ASX,
3:49:05 PM,49.29,1,49.29,CXA,
3:49:03 PM,49.29,11,542.19,ASX,
3:49:03 PM,49.29,10,492.9,ASX,
3:49:03 PM,49.29,12,591.48,ASX,
3:49:03 PM,49.29,57,2809.53,ASX,
3:49:03 PM,49.29,67,3302.43,ASX,
3:49:01 PM,49.3,5,246.5,ASX,
3:49:01 PM,49.3,1,49.3,ASX,
3:49:01 PM,49.3,8,394.4,ASX,
3:49:01 PM,49.3,28,1380.4,ASX,
3:49:01 PM,49.3,30,1479,ASX,
3:49:00 PM,49.3,46,2267.8,CXA,
3:48:59 PM,49.3,55,2711.5,ASX,
3:48:58 PM,49.31,25,1232.75,ASX,
3:48:58 PM,49.31,13,641.03,ASX,
3:48:56 PM,49.32,6,295.92,ASX,
3:48:56 PM,49.32,12,591.84,ASX,
3:48:56 PM,49.32,2,98.64,ASX,
3:48:56 PM,49.32,39,1923.48,ASX,
3:48:56 PM,49.32,34,1676.88,ASX,
3:48:56 PM,49.32,21,1035.72,ASX,
3:48:55 PM,49.33,2,98.66,ASX,
3:48:55 PM,49.33,6,295.98,ASX,
3:48:55 PM,49.33,16,789.28,ASX,
3:48:54 PM,49.34,4,197.36,CXA,
3:48:54 PM,49.33,1,49.33,CXA,
3:48:54 PM,49.33,2,98.66,CXA,
3:48:54 PM,49.33,5,246.65,ASX,
3:48:53 PM,49.35,1,49.35,CXA,
3:48:53 PM,49.33,72,3551.76,ASX,
3:48:53 PM,49.33,1,49.33,ASX,
3:48:53 PM,49.33,5,246.65,ASX,
3:48:51 PM,49.33,2,98.66,CXA,
3:48:51 PM,49.33,23,1134.59,CXA,
3:48:50 PM,49.33,11,542.63,ASX,
3:48:50 PM,49.33,5,246.65,ASX,
3:48:50 PM,49.33,22,1085.26,ASX,
3:48:50 PM,49.33,6,295.98,ASX,
3:48:50 PM,49.33,27,1331.91,ASX,
3:48:50 PM,49.33,1,49.33,ASX,
3:48:49 PM,49.34,1,49.34,ASX,
3:48:49 PM,49.34,24,1184.16,ASX,
3:48:49 PM,49.34,72,3552.48,ASX,
3:48:49 PM,49.35,72,3553.2,ASX,
3:48:49 PM,49.35,6,296.1,ASX,
3:48:49 PM,49.35,21,1036.35,CXA,
3:48:48 PM,49.35,1,49.35,ASX,
3:48:48 PM,49.35,22,1085.7,ASX,
3:48:47 PM,49.35,2,98.7,CXA,
3:48:46 PM,49.35,72,3553.2,ASX,
3:48:46 PM,49.35,6,296.1,ASX,
3:48:46 PM,49.355,1,49.355,CXA,NX XT
3:48:45 PM,49.35,1,49.35,ASX,
3:48:45 PM,49.35,22,1085.7,ASX,
3:48:44 PM,49.35,50,2467.5,ASX,
3:48:44 PM,49.35,22,1085.7,CXA,
3:48:44 PM,49.35,4,197.4,CXA,
3:48:43 PM,49.36,1,49.36,ASX,NXXT
3:48:42 PM,49.35,9,444.15,ASX,
3:48:42 PM,49.35,4,197.4,ASX,
3:48:42 PM,49.35,8,394.8,ASX,
3:48:42 PM,49.35,37,1825.95,ASX,
3:48:41 PM,49.35,32,1579.2,ASX,
3:48:41 PM,49.35,1,49.35,CXA,
3:48:41 PM,49.35,22,1085.7,CXA,
3:48:40 PM,49.35,1,49.35,ASX,
3:48:39 PM,49.35,1,49.35,ASX,
3:48:39 PM,49.36,1,49.36,ASX,NXXT
3:48:38 PM,49.35,1,49.35,ASX,
3:48:38 PM,49.35,8,394.8,ASX,
3:48:38 PM,49.35,1,49.35,ASX,
3:48:38 PM,49.35,2,98.7,CXA,
3:48:38 PM,49.34,1,49.34,CXA,
3:48:38 PM,49.34,22,1085.48,CXA,
3:48:37 PM,49.355,1,49.355,ASX,NXXT
3:48:37 PM,49.34,1,49.34,ASX,
3:48:37 PM,49.34,54,2664.36,ASX,XT
3:48:37 PM,49.34,26,1282.84,ASX,
3:48:37 PM,49.34,50,2467,ASX,
3:48:37 PM,49.34,7,345.38,CXA,
3:48:37 PM,49.34,2,98.68,CXA,
3:48:37 PM,49.34,40,1973.6,CXA,
3:48:36 PM,49.33,64,3157.12,CXA,
3:48:36 PM,49.36,10,493.6,ASX,
3:48:36 PM,49.36,106,5232.16,ASX,
3:48:36 PM,49.36,49,2418.64,ASX,
3:48:36 PM,49.36,4,197.44,ASX,
3:48:36 PM,49.36,33,1628.88,ASX,
3:48:36 PM,49.36,23,1135.28,ASX,
3:48:36 PM,49.36,2,98.72,ASX,
3:48:36 PM,49.36,7,345.52,ASX,
3:48:36 PM,49.35,136,6711.6,ASX,XT
3:48:36 PM,49.35,13,641.55,ASX,
3:48:36 PM,49.35,7,345.45,ASX,
3:48:36 PM,49.35,1,49.35,ASX,
3:48:36 PM,49.35,73,3602.55,ASX,
3:48:36 PM,49.35,12,592.2,ASX,
3:48:36 PM,49.35,1,49.35,ASX,
3:48:36 PM,49.35,10,493.5,ASX,
3:48:36 PM,49.35,22,1085.7,ASX,
3:48:36 PM,49.35,19,937.65,ASX,
3:48:36 PM,49.35,2,98.7,CXA,
3:48:36 PM,49.35,1,49.35,CXA,
3:48:36 PM,49.35,1,49.35,CXA,
3:48:32 PM,49.33,5,246.65,ASX,
3:48:32 PM,49.33,1,49.33,ASX,
3:48:32 PM,49.33,14,690.62,ASX,
3:48:32 PM,49.33,19,937.27,ASX,
3:48:32 PM,49.33,6,295.98,ASX,
3:48:32 PM,49.33,26,1282.58,ASX,
3:48:28 PM,49.34,5,246.7,ASX,
3:48:27 PM,49.34,23,1134.82,ASX,XT
3:48:27 PM,49.34,5,246.7,ASX,
3:48:27 PM,49.35,7,345.45,ASX,
3:48:27 PM,49.35,26,1283.1,ASX,
3:48:27 PM,49.34,43,2121.62,CXA,
3:48:27 PM,49.35,125,6168.75,ASX,
3:48:27 PM,49.35,49,2418.15,ASX,
3:48:27 PM,49.35,1,49.35,CXA,
3:48:27 PM,49.35,19,937.65,CXA,
3:48:26 PM,49.35,76,3750.6,CXA,
3:48:26 PM,49.35,2,98.7,CXA,
3:48:26 PM,49.35,1,49.35,CXA,
3:48:25 PM,49.35,48,2368.8,ASX,
3:48:25 PM,49.35,16,789.6,ASX,
3:48:25 PM,49.35,11,542.85,ASX,
3:48:25 PM,49.35,24,1184.4,ASX,
3:48:25 PM,49.35,26,1283.1,ASX,
3:48:25 PM,49.35,7,345.45,ASX,
3:48:24 PM,49.35,32,1579.2,ASX,
3:48:24 PM,49.35,21,1036.35,ASX,
3:48:24 PM,49.36,19,937.84,CXA,
3:48:24 PM,49.36,2,98.72,CXA,
3:48:23 PM,49.36,76,3751.36,ASX,
3:48:23 PM,49.36,60,2961.6,ASX,
3:48:23 PM,49.36,33,1628.88,ASX,
3:48:23 PM,49.36,57,2813.52,ASX,
3:48:23 PM,49.36,7,345.52,ASX,
3:48:23 PM,49.37,7,345.59,ASX,
3:48:22 PM,49.37,2,98.74,ASX,
3:48:22 PM,49.37,31,1530.47,ASX,
3:48:22 PM,49.37,50,2468.5,ASX,
3:48:20 PM,49.39,43,2123.77,ASX,
3:48:20 PM,49.37,57,2814.09,ASX,
3:48:20 PM,49.37,5,246.85,ASX,
3:48:20 PM,49.37,50,2468.5,ASX,
3:48:19 PM,49.39,19,938.41,ASX,
3:48:19 PM,49.39,2,98.78,ASX,
3:48:19 PM,49.39,9,444.51,ASX,
3:48:18 PM,49.39,41,2024.99,ASX,
3:48:18 PM,49.37,6,296.22,ASX,
3:48:18 PM,49.37,7,345.59,ASX,
3:48:18 PM,49.37,9,444.33,ASX,
3:48:18 PM,49.37,22,1086.14,ASX,
3:48:17 PM,49.4,1,49.4,ASX,
3:48:16 PM,49.37,3,148.11,CXA,
3:48:16 PM,49.37,14,691.18,CXA,
3:48:16 PM,49.37,1,49.37,CXA,
3:48:16 PM,49.37,45,2221.65,ASX,
3:48:16 PM,49.37,3,148.11,ASX,
3:48:16 PM,49.37,4,197.48,CXA,
3:48:15 PM,49.39,40,1975.6,ASX,
3:48:15 PM,49.37,18,888.66,ASX,
3:48:15 PM,49.37,15,740.55,ASX,
3:48:15 PM,49.37,56,2764.72,ASX,XT
3:48:15 PM,49.37,1,49.37,CXA,
3:48:08 PM,49.385,1,49.385,ASX,NXXT
3:48:08 PM,49.37,1,49.37,ASX,
3:48:08 PM,49.37,50,2468.5,ASX,
3:48:07 PM,49.385,2,98.77,ASX,NXXT
3:48:07 PM,49.37,1,49.37,CXA,
3:48:07 PM,49.37,39,1925.43,CXA,
3:48:05 PM,49.39,1,49.39,ASX,
3:48:05 PM,49.39,4,197.56,ASX,
3:48:05 PM,49.39,5,246.95,ASX,XT
3:48:05 PM,49.39,21,1037.19,ASX,XT
3:48:05 PM,49.39,47,2321.33,ASX,
3:48:05 PM,49.39,66,3259.74,ASX,XT
3:48:05 PM,49.39,233,11507.87,ASX,
3:48:05 PM,49.39,98,4840.22,ASX,
3:48:05 PM,49.39,100,4939,ASX,XT
3:48:05 PM,49.39,109,5383.51,ASX,
3:48:05 PM,49.39,6,296.34,CXA,
3:48:05 PM,49.39,6,296.34,CXA,
3:48:05 PM,49.39,100,4939,ASX,
3:48:05 PM,49.39,146,7210.94,ASX,
3:48:05 PM,49.39,102,5037.78,ASX,
3:48:05 PM,49.39,55,2716.45,ASX,
3:48:05 PM,49.39,12,592.68,ASX,
3:48:05 PM,49.38,1,49.38,CXA,
3:48:05 PM,49.38,1,49.38,CXA,
3:48:04 PM,49.36,2,98.72,ASX,
3:48:03 PM,49.36,1,49.36,CXA,
3:48:03 PM,49.37,3,148.11,ASX,NXXT
3:48:02 PM,49.37,6,296.22,ASX,NXXT
3:48:02 PM,49.36,5,246.8,ASX,
3:48:01 PM,49.36,1,49.36,CXA,
3:48:01 PM,49.37,3,148.11,ASX,NXXT
3:48:01 PM,49.37,2,98.74,ASX,NXXT
3:48:01 PM,49.36,1,49.36,ASX,
3:48:01 PM,49.36,5,246.8,ASX,
3:48:00 PM,49.38,22,1086.36,ASX,
3:48:00 PM,49.38,8,395.04,ASX,
3:48:00 PM,49.38,14,691.32,ASX,
3:48:00 PM,49.38,62,3061.56,ASX,
3:48:00 PM,49.38,6,296.28,CXA,
3:48:00 PM,49.37,5,246.85,ASX,NXXT
3:48:00 PM,49.37,50,2468.5,ASX,
3:48:00 PM,49.36,3,148.08,ASX,
3:48:00 PM,49.36,2,98.72,CXA,
3:48:00 PM,49.36,1,49.36,CXA,
3:48:00 PM,49.36,2,98.72,CXA,
3:48:00 PM,49.36,39,1925.04,CXA,
3:47:58 PM,49.36,41,2023.76,ASX,
3:47:58 PM,49.375,4,197.5,ASX,NXXT
3:47:57 PM,49.375,1,49.375,ASX,NXXT
3:47:57 PM,49.37,2,98.74,ASX,
3:47:57 PM,49.37,96,4739.52,CXA,
3:47:56 PM,49.37,5,246.85,ASX,
3:47:55 PM,49.37,7,345.59,ASX,
3:47:55 PM,49.37,47,2320.39,ASX,
3:47:55 PM,49.37,1,49.37,ASX,
3:47:55 PM,49.38,1,49.38,ASX,NXXT
3:47:54 PM,49.38,4,197.52,ASX,NXXT
3:47:54 PM,49.38,1,49.38,ASX,NXXT
3:47:53 PM,49.38,1,49.38,ASX,NXXT
3:47:50 PM,49.38,8,395.04,ASX,
3:47:50 PM,49.38,38,1876.44,ASX,
3:47:50 PM,49.38,7,345.66,ASX,
3:47:50 PM,49.38,47,2320.86,ASX,
3:47:50 PM,49.38,2,98.76,CXA,
3:47:50 PM,49.395,6,296.37,ASX,NXXT
3:47:48 PM,49.395,6,296.37,ASX,NXXT
3:47:48 PM,49.38,3,148.14,ASX,
3:47:48 PM,49.38,9,444.42,ASX,
3:47:48 PM,49.38,2,98.76,ASX,
3:47:48 PM,49.38,21,1036.98,ASX,
3:47:48 PM,49.38,29,1432.02,ASX,
3:47:48 PM,49.38,58,2864.04,ASX,
3:47:48 PM,49.38,62,3061.56,ASX,
3:47:46 PM,49.395,1,49.395,ASX,NXXT
3:47:45 PM,49.395,4,197.58,ASX,NXXT
3:47:44 PM,49.395,17,839.715,ASX,NXXT
3:47:42 PM,49.39,2,98.78,ASX,
3:47:42 PM,49.39,1,49.39,ASX,
3:47:42 PM,49.39,38,1876.82,ASX,
3:47:42 PM,49.39,56,2765.84,ASX,
3:47:42 PM,49.39,32,1580.48,ASX,
3:47:42 PM,49.39,46,2271.94,ASX,
3:47:42 PM,49.39,16,790.24,ASX,
3:47:42 PM,49.41,4,197.64,ASX,NXXT
3:47:41 PM,49.4,57,2815.8,ASX,
3:47:41 PM,49.4,1,49.4,ASX,
3:47:41 PM,49.4,97,4791.8,CXA,
3:47:40 PM,49.415,4,197.66,ASX,NXXT
3:47:38 PM,49.415,1,49.415,ASX,NXXT
3:47:38 PM,49.425,1,49.425,ASX,NXXT
3:47:38 PM,49.42,59,2915.78,ASX,
3:47:38 PM,49.42,19,938.98,ASX,
3:47:38 PM,49.42,3,148.26,ASX,XT
3:47:38 PM,49.42,38,1877.96,CXA,
3:47:37 PM,49.43,1,49.43,ASX,NXXT
3:47:37 PM,49.43,15,741.45,ASX,NXXT
3:47:37 PM,49.42,10,494.2,ASX,
3:47:37 PM,49.415,4,197.66,ASX,NXXT
3:47:37 PM,49.41,33,1630.53,CXA,
3:47:36 PM,49.42,10,494.2,ASX,
3:47:36 PM,49.42,21,1037.82,CXA,
3:47:36 PM,49.42,66,3261.72,ASX,
3:47:36 PM,49.42,50,2471,ASX,
3:47:36 PM,49.42,9,444.78,ASX,
3:47:36 PM,49.42,5,247.1,ASX,
3:47:35 PM,49.43,51,2520.93,ASX,
3:47:35 PM,49.46,232,11474.72,ASX,
3:47:35 PM,49.45,50,2472.5,ASX,
3:47:35 PM,49.43,18,889.74,ASX,
3:47:35 PM,49.43,3,148.29,ASX,
3:47:35 PM,49.44,34,1680.96,ASX,
3:47:35 PM,49.44,9,444.96,ASX,
3:47:35 PM,49.44,15,741.6,ASX,
3:47:35 PM,49.44,35,1730.4,ASX,
3:47:35 PM,49.45,17,840.65,ASX,
3:47:35 PM,49.45,71,3510.95,ASX,
3:47:35 PM,49.45,21,1038.45,ASX,
3:47:35 PM,49.45,23,1137.35,ASX,
3:47:35 PM,49.45,43,2126.35,ASX,
3:47:35 PM,49.45,468,23142.6,ASX,
3:47:35 PM,49.45,194,9593.3,ASX,
3:47:35 PM,49.45,551,27246.95,ASX,
3:47:35 PM,49.44,77,3806.88,CXA,
3:47:35 PM,49.45,1,49.45,CXA,
3:47:35 PM,49.45,6,296.7,CXA,
3:47:35 PM,49.45,91,4499.95,CXA,
3:47:34 PM,49.45,200,9890,ASX,
3:47:34 PM,49.455,5,247.275,ASX,NXXT
3:47:33 PM,49.45,97,4796.65,CXA,
3:47:33 PM,49.45,3,148.35,ASX,
3:47:33 PM,49.46,200,9892,ASX,
3:47:33 PM,49.455,1,49.455,ASX,NXXT
3:47:32 PM,49.46,265,13106.9,ASX,
3:47:32 PM,49.46,56,2769.76,ASX,
3:47:32 PM,49.46,20,989.2,ASX,
3:47:32 PM,49.45,123,6082.35,ASX,
3:47:32 PM,49.45,60,2967,ASX,
3:47:32 PM,49.45,50,2472.5,ASX,
3:47:32 PM,49.45,150,7417.5,ASX,
3:47:32 PM,49.45,50,2472.5,ASX,
3:47:32 PM,49.45,50,2472.5,ASX,
3:47:32 PM,49.45,50,2472.5,ASX,
3:47:32 PM,49.45,96,4747.2,ASX,
3:47:32 PM,49.45,51,2521.95,ASX,
3:47:32 PM,49.45,110,5439.5,ASX,
3:47:32 PM,49.45,43,2126.35,ASX,
3:47:32 PM,49.45,85,4203.25,ASX,
3:47:32 PM,49.45,100,4945,ASX,
3:47:32 PM,49.45,1043,51576.35,ASX,
3:47:32 PM,49.45,35,1730.75,ASX,
3:47:32 PM,49.45,253,12510.85,ASX,
3:47:32 PM,49.45,174,8604.3,ASX,
3:47:32 PM,49.45,50,2472.5,ASX,
3:47:32 PM,49.45,59,2917.55,ASX,
3:47:32 PM,49.45,1,49.45,CXA,
3:47:32 PM,49.45,11,543.95,CXA,
3:47:32 PM,49.45,65,3214.25,CXA,
3:47:32 PM,49.45,30,1483.5,CXA,
3:47:32 PM,49.455,3,148.365,ASX,NXXT
3:47:32 PM,49.455,10,494.55,CXA,NX XT
3:47:31 PM,49.45,118,5835.1,ASX,
3:47:30 PM,49.45,95,4697.75,CXA,
3:47:30 PM,49.47,37,1830.39,ASX,
3:47:29 PM,49.465,1,49.465,ASX,NXXT
3:47:29 PM,49.45,1,49.45,CXA,
3:47:29 PM,49.45,1,49.45,CXA,
3:47:29 PM,49.45,56,2769.2,CXA,
3:47:27 PM,49.45,36,1780.2,CXA,
3:47:27 PM,49.45,1,49.45,CXA,
3:47:27 PM,49.45,11,543.95,CXA,
3:47:27 PM,49.45,1,49.45,CXA,
3:47:26 PM,49.45,1,49.45,CXA,
3:47:26 PM,49.45,11,543.95,CXA,
3:47:26 PM,49.45,2,98.9,CXA,
3:47:26 PM,49.45,88,4351.6,CXA,
3:47:26 PM,49.45,1,49.45,CXA,
3:47:25 PM,49.465,1,49.465,ASX,CXXT
3:47:24 PM,49.465,1,49.465,ASX,NXXT
3:47:23 PM,49.465,1,49.465,ASX,CXXT
3:47:22 PM,49.45,198,9791.1,ASX,
3:47:22 PM,49.465,3,148.395,ASX,NXXT
3:47:22 PM,49.45,1,49.45,CXA,
3:47:22 PM,49.45,1,49.45,CXA,
3:47:21 PM,49.45,10,494.5,CXA,
3:47:21 PM,49.45,85,4203.25,CXA,
3:47:21 PM,49.45,32,1582.4,CXA,
3:47:20 PM,49.47,3,148.41,ASX,CXXT
3:47:20 PM,49.48,72,3562.56,ASX,
3:47:20 PM,49.48,3,148.44,ASX,
3:47:20 PM,49.48,8,395.84,ASX,
3:47:20 PM,49.46,68,3363.28,ASX,
3:47:20 PM,49.47,1,49.47,ASX,NXXT
3:47:20 PM,49.46,1,49.46,CXA,
3:47:20 PM,49.46,18,890.28,CXA,
3:47:19 PM,49.47,4,197.88,ASX,NXXT
3:47:18 PM,49.465,3,148.395,ASX,NXXT
3:47:18 PM,49.47,14,692.58,ASX,
3:47:18 PM,49.47,3,148.41,ASX,
3:47:18 PM,49.47,10,494.7,ASX,
3:47:18 PM,49.47,1,49.47,ASX,
3:47:18 PM,49.47,14,692.58,ASX,
3:47:18 PM,49.47,7,346.29,ASX,
3:47:18 PM,49.47,25,1236.75,ASX,
3:47:18 PM,49.47,29,1434.63,ASX,
3:47:18 PM,49.47,6,296.82,CXA,
3:47:18 PM,49.45,144,7120.8,ASX,
3:47:17 PM,49.45,84,4153.8,CXA,
3:47:17 PM,49.45,1,49.45,CXA,
3:47:16 PM,49.45,83,4104.35,CXA,
3:47:16 PM,49.45,1,49.45,ASX,
3:47:16 PM,49.46,2,98.92,ASX,NXXT
3:47:16 PM,49.46,1,49.46,ASX,NXXT
3:47:16 PM,49.45,91,4499.95,ASX,
3:47:16 PM,49.465,99,4897.035,ASX,CXXT
3:47:16 PM,49.45,199,9840.55,ASX,
3:47:15 PM,49.45,1,49.45,CXA,
3:47:15 PM,49.45,82,4054.9,CXA,
3:47:15 PM,49.45,11,543.95,CXA,
3:47:15 PM,49.45,1,49.45,CXA,
3:47:14 PM,49.45,1,49.45,ASX,
3:47:13 PM,49.45,1,49.45,CXA,
3:47:13 PM,49.45,80,3956,CXA,
3:47:12 PM,49.465,1,49.465,ASX,NXXT
3:47:12 PM,49.45,1,49.45,CXA,
3:47:12 PM,49.45,1,49.45,CXA,
3:47:12 PM,49.45,2,98.9,CXA,
3:47:12 PM,49.45,91,4499.95,CXA,
3:47:12 PM,49.45,74,3659.3,CXA,
3:47:11 PM,49.465,2,98.93,ASX,NXXT
3:47:11 PM,49.45,200,9890,ASX,
3:47:10 PM,49.465,2,98.93,ASX,NXXT
3:47:09 PM,49.47,24,1187.28,ASX,
3:47:09 PM,49.46,27,1335.42,ASX,
3:47:09 PM,49.46,73,3610.58,ASX,
3:47:09 PM,49.46,33,1632.18,ASX,
3:47:09 PM,49.46,20,989.2,ASX,
3:47:08 PM,49.47,2,98.94,ASX,NXXT
3:47:07 PM,49.47,22,1088.34,ASX,
3:47:07 PM,49.475,1,49.475,ASX,NXXT
3:47:07 PM,49.475,12,593.7,CXA,NX XT
3:47:07 PM,49.47,9,445.23,ASX,
3:47:07 PM,49.47,42,2077.74,ASX,
3:47:07 PM,49.47,10,494.7,ASX,
3:47:06 PM,49.475,2,98.95,ASX,NXXT
3:47:05 PM,49.48,5,247.4,ASX,
3:47:05 PM,49.48,20,989.6,ASX,
3:47:05 PM,49.48,21,1039.08,ASX,
3:47:05 PM,49.48,41,2028.68,ASX,
3:47:05 PM,49.48,28,1385.44,ASX,
3:47:05 PM,49.48,11,544.28,ASX,
3:47:05 PM,49.48,21,1039.08,ASX,
3:47:05 PM,49.48,36,1781.28,ASX,
3:47:05 PM,49.48,42,2078.16,ASX,
3:47:05 PM,49.48,11,544.28,CXA,
3:47:05 PM,49.48,1,49.48,CXA,
3:47:05 PM,49.48,25,1237,CXA,
3:47:04 PM,49.495,1,49.495,ASX,CXXT
3:47:04 PM,49.495,2,98.99,ASX,CXXT
3:47:04 PM,49.49,32,1583.68,ASX,
3:47:04 PM,49.49,56,2771.44,ASX,
3:47:04 PM,49.49,4,197.96,ASX,
3:47:04 PM,49.49,29,1435.21,ASX,
3:47:04 PM,49.49,4,197.96,CXA,
3:47:03 PM,49.49,3,148.47,CXA,
3:47:03 PM,49.49,3,148.47,CXA,
3:47:03 PM,49.49,2,98.98,CXA,
3:47:03 PM,49.49,1,49.49,CXA,
3:47:01 PM,49.49,32,1583.68,ASX,
3:47:01 PM,49.49,36,1781.64,ASX,
3:47:00 PM,49.49,4,197.96,ASX,
3:47:00 PM,49.49,1,49.49,ASX,
3:46:59 PM,49.49,17,841.33,CXA,
3:46:59 PM,49.49,1,49.49,CXA,
3:46:59 PM,49.49,10,494.9,CXA,
3:46:57 PM,49.5,2,99,ASX,
3:46:57 PM,49.5,7,346.5,ASX,
3:46:57 PM,49.5,7,346.5,ASX,
3:46:57 PM,49.5,15,742.5,ASX,
3:46:57 PM,49.5,3,148.5,ASX,
3:46:57 PM,49.495,7,346.465,ASX,CXXT
3:46:57 PM,49.5,4,198,ASX,
3:46:57 PM,49.5,11,544.5,ASX,
3:46:57 PM,49.5,26,1287,ASX,
3:46:56 PM,49.5,64,3168,ASX,XT
3:46:56 PM,49.5,19,940.5,ASX,
3:46:56 PM,49.5,11,544.5,ASX,
3:46:56 PM,49.5,100,4950,ASX,
3:46:56 PM,49.5,8,396,ASX,
3:46:56 PM,49.49,18,890.82,CXA,
3:46:56 PM,49.49,2,98.98,ASX,
3:46:56 PM,49.48,25,1237,ASX,
3:46:56 PM,49.48,6,296.88,ASX,
3:46:56 PM,49.475,1,49.475,ASX,NXXT
3:46:56 PM,49.475,2,98.95,ASX,NXXT
3:46:56 PM,49.48,1,49.48,CXA,
3:46:56 PM,49.48,10,494.8,ASX,
3:46:56 PM,49.48,56,2770.88,ASX,
3:46:56 PM,49.48,5,247.4,ASX,
3:46:56 PM,49.48,50,2474,ASX,
3:46:55 PM,49.49,10,494.9,CXA,
3:46:55 PM,49.49,99,4899.51,CXA,
3:46:55 PM,49.49,1,49.49,CXA,
3:46:54 PM,49.48,1,49.48,CXA,
3:46:54 PM,49.48,17,841.16,CXA,
3:46:53 PM,49.485,300,14845.5,ASX,CXXT
3:46:51 PM,49.47,5,247.35,ASX,
3:46:51 PM,49.47,10,494.7,ASX,
3:46:51 PM,49.47,2,98.94,CXA,
3:46:51 PM,49.47,13,643.11,CXA,
3:46:51 PM,49.49,1,49.49,CXA,
3:46:50 PM,49.48,66,3265.68,ASX,
3:46:50 PM,49.48,1,49.48,ASX,NXXT
3:46:50 PM,49.48,1,49.48,ASX,
3:46:49 PM,49.48,5,247.4,ASX,
3:46:49 PM,49.48,56,2770.88,ASX,
3:46:49 PM,49.48,13,643.24,CXA,
3:46:49 PM,49.49,1,49.49,ASX,
3:46:48 PM,49.49,21,1039.29,ASX,
3:46:48 PM,49.49,6,296.94,ASX,
3:46:48 PM,49.49,10,494.9,ASX,
3:46:48 PM,49.49,60,2969.4,ASX,
3:46:48 PM,49.49,19,940.31,ASX,
3:46:48 PM,49.49,5,247.45,ASX,
3:46:48 PM,49.49,12,593.88,ASX,
3:46:48 PM,49.48,2,98.96,ASX,
3:46:47 PM,49.48,6,296.88,ASX,
3:46:47 PM,49.48,43,2127.64,ASX,
3:46:47 PM,49.48,38,1880.24,ASX,
3:46:47 PM,49.48,5,247.4,ASX,
3:46:47 PM,49.48,49,2424.52,ASX,
3:46:46 PM,49.5,16,792,ASX,
3:46:46 PM,49.48,26,1286.48,CXA,
3:46:46 PM,49.48,2,98.96,CXA,
3:46:45 PM,49.48,1,49.48,ASX,
3:46:42 PM,49.48,3,148.44,ASX,
3:46:42 PM,49.48,28,1385.44,ASX,
3:46:42 PM,49.48,32,1583.36,ASX,
3:46:42 PM,49.48,3,148.44,CXA,
3:46:42 PM,49.475,3,148.425,CXA,CX
3:46:42 PM,49.48,7,346.36,ASX,
3:46:42 PM,49.48,1,49.48,ASX,
3:46:42 PM,49.48,6,296.88,ASX,
3:46:42 PM,49.48,55,2721.4,ASX,
3:46:42 PM,49.48,10,494.8,ASX,
3:46:41 PM,49.48,13,643.24,CXA,
3:46:39 PM,49.48,2,98.96,ASX,
3:46:39 PM,49.48,3,148.44,ASX,
3:46:39 PM,49.48,16,791.68,ASX,
3:46:39 PM,49.48,8,395.84,ASX,
3:46:39 PM,49.48,1,49.48,ASX,XT
3:46:39 PM,49.48,44,2177.12,ASX,XT
3:46:31 PM,49.5,1,49.5,ASX,
3:46:28 PM,49.48,8,395.84,ASX,
3:46:28 PM,49.48,21,1039.08,ASX,
3:46:28 PM,49.48,14,692.72,CXA,
3:46:27 PM,49.48,2,98.96,CXA,
3:46:26 PM,49.48,2,98.96,ASX,
3:46:25 PM,49.49,16,791.84,ASX,
3:46:25 PM,49.49,11,544.39,ASX,
3:46:25 PM,49.49,2,98.98,ASX,
3:46:25 PM,49.49,5,247.45,ASX,
3:46:25 PM,49.49,1,49.49,ASX,
3:46:25 PM,49.49,51,2523.99,ASX,
3:46:25 PM,49.49,1,49.49,CXA,
3:46:25 PM,49.49,16,791.84,CXA,
3:46:19 PM,49.5,5,247.5,ASX,
3:46:19 PM,49.5,51,2524.5,ASX,
3:46:19 PM,49.5,5,247.5,CXA,
3:46:15 PM,49.51,10,495.1,ASX,
3:46:15 PM,49.51,14,693.14,ASX,
3:46:14 PM,49.49,20,989.8,ASX,
3:46:14 PM,49.5,5,247.5,ASX,
3:46:14 PM,49.5,48,2376,ASX,
3:46:14 PM,49.5,41,2029.5,ASX,
3:46:14 PM,49.5,52,2574,ASX,
3:46:14 PM,49.5,34,1683,ASX,
3:46:14 PM,49.5,56,2772,ASX,
3:46:14 PM,49.515,36,1782.54,ASX,CXXT
3:46:14 PM,49.49,11,544.39,CXA,
3:46:14 PM,49.5,13,643.5,CXA,
3:46:14 PM,49.53,2,99.06,ASX,
3:46:14 PM,49.53,6,297.18,ASX,
3:46:14 PM,49.52,50,2476,ASX,
3:46:14 PM,49.51,42,2079.42,ASX,
3:46:14 PM,49.51,22,1089.22,ASX,
3:46:14 PM,49.51,27,1336.77,ASX,
3:46:14 PM,49.51,25,1237.75,ASX,
3:46:14 PM,49.51,9,445.59,ASX,
3:46:14 PM,49.51,6,297.06,ASX,
3:46:14 PM,49.51,10,495.1,ASX,
3:46:14 PM,49.51,17,841.67,CXA,
3:46:14 PM,49.51,2,99.02,CXA,
3:46:13 PM,49.53,40,1981.2,ASX,
3:46:13 PM,49.53,1,49.53,ASX,
3:46:13 PM,49.53,1,49.53,ASX,
3:46:13 PM,49.52,11,544.72,ASX,
3:46:13 PM,49.52,46,2277.92,ASX,
3:46:13 PM,49.52,1,49.52,CXA,
3:46:12 PM,49.52,2,99.04,ASX,
3:46:12 PM,49.52,1,49.52,ASX,
3:46:12 PM,49.52,1,49.52,ASX,
3:46:11 PM,49.52,3,148.56,ASX,
3:46:11 PM,49.52,1,49.52,ASX,
3:46:11 PM,49.52,3,148.56,ASX,
3:46:11 PM,49.52,5,247.6,ASX,
3:46:11 PM,49.52,19,940.88,ASX,
3:46:11 PM,49.52,5,247.6,ASX,
3:46:11 PM,49.515,2,99.03,ASX,CXXT
3:46:11 PM,49.515,1,49.515,ASX,CXXT
3:46:08 PM,49.52,19,940.88,ASX,
3:46:08 PM,49.52,8,396.16,ASX,
3:46:06 PM,49.51,10,495.1,CXA,
3:46:05 PM,49.51,2,99.02,ASX,
3:46:05 PM,49.52,32,1584.64,ASX,
3:46:05 PM,49.52,1,49.52,ASX,
3:46:05 PM,49.52,1,49.52,ASX,
3:46:05 PM,49.51,20,990.2,ASX,
3:46:05 PM,49.51,2,99.02,ASX,
3:46:04 PM,49.51,22,1089.22,ASX,
3:46:04 PM,49.51,28,1386.28,ASX,
3:46:04 PM,49.51,5,247.55,ASX,
3:46:04 PM,49.51,18,891.18,ASX,
3:46:03 PM,49.51,5,247.55,ASX,
3:46:03 PM,49.51,12,594.12,ASX,
3:46:03 PM,49.51,1,49.51,ASX,
3:46:03 PM,49.51,1,49.51,ASX,
3:46:02 PM,49.5,3,148.5,ASX,
3:46:02 PM,49.5,7,346.5,ASX,
3:46:02 PM,49.5,6,297,ASX,
3:46:02 PM,49.49,3,148.47,ASX,CXXT
3:46:02 PM,49.5,57,2821.5,ASX,
3:46:02 PM,49.5,10,495,ASX,
3:46:02 PM,49.5,25,1237.5,ASX,
3:46:02 PM,49.5,1,49.5,ASX,
3:46:02 PM,49.5,3,148.5,ASX,
3:46:02 PM,49.5,2,99,CXA,
3:45:59 PM,49.49,6,296.94,ASX,
3:45:59 PM,49.49,23,1138.27,ASX,
3:45:59 PM,49.49,6,296.94,CXA,
3:45:59 PM,49.49,2,98.98,ASX,
3:45:59 PM,49.49,17,841.33,ASX,
3:45:58 PM,49.5,8,396,ASX,
3:45:58 PM,49.5,8,396,CXA,NX XT
3:45:56 PM,49.49,10,494.9,ASX,
3:45:56 PM,49.49,11,544.39,ASX,
3:45:56 PM,49.49,3,148.47,ASX,
3:45:56 PM,49.49,52,2573.48,ASX,
3:45:56 PM,49.49,36,1781.64,ASX,
3:45:56 PM,49.49,1,49.49,ASX,
3:45:56 PM,49.49,3,148.47,ASX,
3:45:55 PM,49.5,6,297,ASX,
3:45:55 PM,49.5,1,49.5,ASX,
3:45:55 PM,49.5,1,49.5,ASX,
3:45:55 PM,49.5,57,2821.5,ASX,
3:45:55 PM,49.5,43,2128.5,ASX,
3:45:55 PM,49.49,11,544.39,CXA,
3:45:55 PM,49.49,29,1435.21,ASX,
3:45:55 PM,49.49,82,4058.18,ASX,
3:45:55 PM,49.49,1,49.49,ASX,
3:45:55 PM,49.49,1,49.49,ASX,
3:45:55 PM,49.49,165,8165.85,ASX,
3:45:55 PM,49.49,78,3860.22,ASX,
3:45:55 PM,49.475,4,197.9,ASX,CXXT
3:45:55 PM,49.48,1,49.48,ASX,
3:45:53 PM,49.475,3,148.425,CXA,NX XT
3:45:53 PM,49.46,1,49.46,ASX,
3:45:53 PM,49.48,4,197.92,ASX,
3:45:53 PM,49.48,2,98.96,CXA,
3:45:52 PM,49.48,23,1138.04,ASX,
3:45:52 PM,49.48,5,247.4,ASX,XT
3:45:52 PM,49.48,1,49.48,ASX,
3:45:52 PM,49.48,1,49.48,ASX,
3:45:52 PM,49.47,43,2127.21,ASX,
3:45:52 PM,49.47,1,49.47,ASX,
3:45:52 PM,49.47,6,296.82,ASX,
3:45:52 PM,49.47,1,49.47,ASX,
3:45:52 PM,49.47,1,49.47,ASX,
3:45:52 PM,49.47,21,1038.87,ASX,
3:45:52 PM,49.46,30,1483.8,ASX,
3:45:52 PM,49.46,23,1137.58,ASX,
3:45:52 PM,49.46,22,1088.12,ASX,
3:45:52 PM,49.46,32,1582.72,ASX,
3:45:52 PM,49.46,15,741.9,ASX,
3:45:52 PM,49.46,1,49.46,ASX,
3:45:52 PM,49.46,1,49.46,ASX,
3:45:52 PM,49.46,23,1137.58,ASX,
3:45:51 PM,49.455,1,49.455,ASX,NXXT
3:45:51 PM,49.45,6,296.7,ASX,
3:45:51 PM,49.45,10,494.5,ASX,
3:45:50 PM,49.455,1,49.455,ASX,NXXT
3:45:49 PM,49.45,3,148.35,ASX,
3:45:49 PM,49.45,46,2274.7,ASX,
3:45:49 PM,49.45,38,1879.1,ASX,
3:45:49 PM,49.45,6,296.7,ASX,
3:45:49 PM,49.45,1,49.45,ASX,
3:45:49 PM,49.45,1,49.45,ASX,
3:45:49 PM,49.45,19,939.55,ASX,
3:45:49 PM,49.45,15,741.75,ASX,
3:45:49 PM,49.45,16,791.2,ASX,
3:45:49 PM,49.44,1,49.44,ASX,
3:45:49 PM,49.45,4,197.8,CXA,
3:45:49 PM,49.44,28,1384.32,ASX,
3:45:49 PM,49.44,18,889.92,ASX,
3:45:49 PM,49.44,2,98.88,ASX,
3:45:49 PM,49.43,39,1927.77,ASX,
3:45:49 PM,49.43,19,939.17,ASX,XT
3:45:49 PM,49.43,11,543.73,ASX,
3:45:49 PM,49.43,50,2471.5,ASX,
3:45:49 PM,49.41,17,839.97,ASX,
3:45:49 PM,49.41,15,741.15,ASX,
3:45:41 PM,49.42,1,49.42,ASX,NXXT
3:45:40 PM,49.41,30,1482.3,ASX,
3:45:39 PM,49.42,20,988.4,ASX,
3:45:39 PM,49.42,2,98.84,ASX,
3:45:39 PM,49.42,11,543.62,ASX,
3:45:39 PM,49.42,6,296.52,ASX,
3:45:39 PM,49.42,23,1136.66,CXA,NX XT
3:45:39 PM,49.42,27,1334.34,CXA,NX XT
3:45:39 PM,49.42,21,1037.82,CXA,NX XT
3:45:39 PM,49.42,41,2026.22,ASX,XT
3:45:39 PM,49.42,49,2421.58,ASX,
3:45:39 PM,49.42,26,1284.92,CXA,
3:45:36 PM,49.42,1,49.42,CXA,
3:45:35 PM,49.43,2,98.86,ASX,NXXT
3:45:35 PM,49.42,1,49.42,ASX,
3:45:34 PM,49.43,1,49.43,ASX,
3:45:34 PM,49.43,2,98.86,ASX,
3:45:34 PM,49.425,1,49.425,ASX,NXXT
3:45:34 PM,49.44,9,444.96,ASX,
3:45:34 PM,49.44,95,4696.8,ASX,
3:45:34 PM,49.44,17,840.48,ASX,
3:45:34 PM,49.44,3,148.32,ASX,
3:45:34 PM,49.43,13,642.59,ASX,
3:45:34 PM,49.43,38,1878.34,ASX,
3:45:34 PM,49.43,25,1235.75,ASX,
3:45:33 PM,49.415,1,49.415,ASX,CXXT
3:45:31 PM,49.42,2,98.84,ASX,
3:45:31 PM,49.42,5,247.1,ASX,
3:45:31 PM,49.42,4,197.68,ASX,
3:45:31 PM,49.41,9,444.69,ASX,
3:45:31 PM,49.41,52,2569.32,ASX,
3:45:31 PM,49.41,12,592.92,ASX,
3:45:31 PM,49.41,14,691.74,ASX,
3:45:31 PM,49.41,14,691.74,ASX,
3:45:31 PM,49.4,8,395.2,ASX,CXXT
3:45:30 PM,49.4,2,98.8,ASX,NXXT
3:45:30 PM,49.4,1,49.4,ASX,NXXT
3:45:29 PM,49.4,66,3260.4,CXA,NX XT
3:45:28 PM,49.39,33,1629.87,ASX,
3:45:28 PM,49.39,13,642.07,ASX,
3:45:28 PM,49.39,10,493.9,CXA,
3:45:28 PM,49.39,13,642.07,CXA,
3:45:27 PM,49.4,1,49.4,ASX,NXXT
3:45:25 PM,49.4,2,98.8,ASX,NXXT
3:45:23 PM,49.4,1,49.4,ASX,NXXT
3:45:22 PM,49.4,2,98.8,ASX,NXXT
3:45:21 PM,49.4,1,49.4,ASX,NXXT
3:45:20 PM,49.39,29,1432.31,ASX,
3:45:20 PM,49.39,18,889.02,ASX,
3:45:20 PM,49.4,15,741,ASX,NXXT
3:45:18 PM,49.4,13,642.2,ASX,
3:45:18 PM,49.4,51,2519.4,ASX,
3:45:18 PM,49.4,3,148.2,ASX,
3:45:18 PM,49.41,13,642.33,ASX,
3:45:18 PM,49.41,15,741.15,ASX,
3:45:18 PM,49.41,1,49.41,ASX,
3:45:18 PM,49.41,5,247.05,ASX,
3:45:18 PM,49.41,21,1037.61,ASX,
3:45:18 PM,49.4,14,691.6,CXA,
3:45:18 PM,49.41,1,49.41,ASX,
3:45:18 PM,49.42,7,345.94,ASX,
3:45:18 PM,49.42,16,790.72,ASX,
3:45:18 PM,49.42,67,3311.14,ASX,XT
3:45:18 PM,49.42,13,642.46,ASX,
3:45:18 PM,49.42,94,4645.48,ASX,
3:45:18 PM,49.42,28,1383.76,CXA,NX XT
3:45:18 PM,49.42,23,1136.66,CXA,NX XT
3:45:18 PM,49.42,29,1433.18,CXA,NX XT
3:45:18 PM,49.42,1,49.42,CXA,
3:45:18 PM,49.42,6,296.52,CXA,
3:45:17 PM,49.44,185,9146.4,ASX,
3:45:17 PM,49.44,200,9888,ASX,
3:45:17 PM,49.44,26,1285.44,ASX,
3:45:17 PM,49.44,12,593.28,ASX,
3:45:17 PM,49.43,1,49.43,ASX,CXXT
3:45:16 PM,52.9,6877,363793.3,CXA,SX XT
3:45:16 PM,49.43,1,49.43,ASX,NXXT
3:45:14 PM,49.42,1,49.42,ASX,
3:45:14 PM,49.43,2,98.86,ASX,NXXT
3:45:13 PM,49.43,56,2768.08,ASX,
3:45:13 PM,49.43,7,346.01,ASX,
3:45:13 PM,49.43,29,1433.47,ASX,
3:45:13 PM,49.43,32,1581.76,ASX,
3:45:13 PM,49.43,57,2817.51,ASX,
3:45:13 PM,49.43,6,296.58,ASX,
3:45:13 PM,49.43,15,741.45,ASX,
3:45:12 PM,49.44,67,3312.48,ASX,
3:45:12 PM,49.44,50,2472,ASX,
3:45:12 PM,49.44,9,444.96,CXA,
3:45:12 PM,49.44,16,791.04,CXA,
3:45:12 PM,49.44,31,1532.64,CXA,
3:45:12 PM,49.43,151,7463.93,CXA,
3:45:12 PM,49.43,51,2520.93,CXA,
3:45:12 PM,49.43,35,1730.05,ASX,
3:45:12 PM,49.42,12,593.04,ASX,
3:45:12 PM,49.42,1,49.42,ASX,
3:45:12 PM,49.43,31,1532.33,CXA,
3:45:12 PM,49.42,50,2471,ASX,
3:45:12 PM,49.41,11,543.51,ASX,
3:45:12 PM,49.42,1,49.42,ASX,NXXT
3:45:12 PM,49.43,12,593.16,CXA,
3:45:12 PM,49.43,1,49.43,CXA,
3:45:12 PM,49.43,1,49.43,CXA,
3:45:10 PM,49.42,1,49.42,ASX,NXXT
3:45:09 PM,49.41,21,1037.61,ASX,
3:45:09 PM,49.41,8,395.28,ASX,
3:45:09 PM,49.42,1,49.42,ASX,NXXT
3:45:09 PM,49.42,159,7857.78,CXA,NX XT
3:45:07 PM,49.42,27,1334.34,ASX,
3:45:07 PM,49.42,31,1532.02,ASX,
3:45:07 PM,49.415,1,49.415,ASX,NXXT
3:45:07 PM,49.42,2,98.84,ASX,
3:45:07 PM,49.42,11,543.62,ASX,
3:45:07 PM,49.42,2,98.84,ASX,
3:45:07 PM,49.42,8,395.36,ASX,
3:45:07 PM,49.42,10,494.2,ASX,
3:45:07 PM,49.42,1,49.42,ASX,
3:45:07 PM,49.41,2,98.82,ASX,CXXT
3:45:07 PM,49.42,19,938.98,ASX,
3:45:07 PM,49.42,19,938.98,ASX,
3:45:06 PM,49.405,2,98.81,ASX,NXXT
3:45:05 PM,49.39,4,197.56,ASX,
3:45:05 PM,49.39,44,2173.16,ASX,
3:45:05 PM,49.41,24,1185.84,ASX,
3:45:05 PM,49.4,1,49.4,ASX,
3:45:05 PM,49.4,22,1086.8,ASX,
3:45:05 PM,49.4,1,49.4,ASX,XT
3:45:05 PM,49.41,23,1136.43,CXA,
3:45:05 PM,49.41,43,2124.63,CXA,
3:45:04 PM,49.41,14,691.74,ASX,
3:45:04 PM,49.41,102,5039.82,ASX,
3:45:04 PM,49.41,23,1136.43,ASX,
3:45:04 PM,49.42,14,691.88,CXA,
3:45:04 PM,49.42,13,642.46,CXA,
3:45:04 PM,49.42,54,2668.68,ASX,
3:45:04 PM,49.42,23,1136.66,ASX,
3:45:04 PM,49.42,23,1136.66,ASX,
3:45:04 PM,49.42,19,938.98,ASX,
3:45:04 PM,49.42,17,840.14,ASX,
3:45:04 PM,49.42,91,4497.22,ASX,
3:45:04 PM,49.42,53,2619.26,ASX,
3:45:04 PM,49.43,19,939.17,ASX,
3:45:04 PM,49.43,27,1334.61,ASX,
3:45:04 PM,49.43,17,840.31,ASX,
3:45:04 PM,49.43,6,296.58,ASX,
3:45:04 PM,49.43,5,247.15,ASX,
3:45:04 PM,49.43,22,1087.46,ASX,
3:45:04 PM,49.43,31,1532.33,ASX,
3:45:04 PM,49.43,41,2026.63,ASX,
3:45:04 PM,49.43,39,1927.77,ASX,
3:45:04 PM,49.43,50,2471.5,ASX,
3:45:04 PM,49.43,23,1136.89,CXA,
3:45:04 PM,49.43,3,148.29,CXA,
3:45:04 PM,49.43,2,98.86,CXA,
3:45:03 PM,49.43,11,543.73,CXA,
3:45:03 PM,49.43,3,148.29,CXA,
3:45:03 PM,49.43,2,98.86,CXA,
3:45:03 PM,49.43,24,1186.32,CXA,
3:45:03 PM,49.43,14,692.02,CXA,
3:44:59 PM,49.44,2,98.88,ASX,CXXT
3:44:58 PM,49.43,2,98.86,ASX,
3:44:50 PM,49.44,13,642.72,ASX,
3:44:50 PM,49.44,20,988.8,ASX,
3:44:50 PM,49.44,25,1236,ASX,
3:44:50 PM,49.44,11,543.84,ASX,
3:44:50 PM,49.44,19,939.36,ASX,
3:44:50 PM,49.44,6,296.64,ASX,
3:44:50 PM,49.44,52,2570.88,ASX,
3:44:50 PM,49.44,10,494.4,ASX,
3:44:50 PM,49.44,14,692.16,ASX,
3:44:50 PM,49.44,14,692.16,CXA,
3:44:50 PM,49.44,12,593.28,CXA,
3:44:49 PM,49.46,1,49.46,CXA,
3:44:46 PM,49.46,11,544.06,CXA,
3:44:46 PM,49.46,3,148.38,CXA,
3:44:39 PM,49.44,1,49.44,ASX,
3:44:38 PM,49.45,9,445.05,ASX,
3:44:38 PM,49.45,3,148.35,CXA,
3:44:37 PM,49.445,9,445.005,CXA,NX XT
3:44:37 PM,49.445,20,988.9,CXA,NX XT
3:44:36 PM,49.445,20,988.9,CXA,NX XT
3:44:36 PM,49.44,167,8256.48,ASX,
3:44:36 PM,49.44,25,1236,ASX,
3:44:36 PM,49.44,25,1236,ASX,
3:44:36 PM,49.46,5,247.3,ASX,
3:44:36 PM,49.45,25,1236.25,ASX,
3:44:36 PM,49.45,6,296.7,ASX,
3:44:36 PM,49.45,4,197.8,ASX,
3:44:36 PM,49.45,48,2373.6,ASX,
3:44:36 PM,49.45,35,1730.75,ASX,
3:44:36 PM,49.45,48,2373.6,ASX,
3:44:36 PM,49.45,41,2027.45,ASX,
3:44:36 PM,49.44,25,1236,ASX,
3:44:36 PM,49.44,8,395.52,ASX,
3:44:36 PM,49.44,2,98.88,ASX,
3:44:36 PM,49.43,8,395.44,ASX,CXXT
3:44:36 PM,49.43,3,148.29,CXA,CX
3:44:36 PM,49.43,36,1779.48,CXA,NX XT
3:44:35 PM,49.43,7,346.01,CXA,NX XT
3:44:25 PM,49.43,5,247.15,ASX,
3:44:25 PM,49.43,1,49.43,ASX,
3:44:25 PM,49.43,5,247.15,ASX,
3:44:25 PM,49.43,1,49.43,ASX,
3:44:25 PM,49.43,56,2768.08,ASX,
3:44:25 PM,49.43,47,2323.21,ASX,
3:44:25 PM,49.43,26,1285.18,ASX,
3:44:25 PM,49.43,26,1285.18,ASX,XT
3:44:25 PM,49.43,12,593.16,CXA,
3:44:21 PM,49.45,50,2472.5,ASX,
3:44:20 PM,49.43,37,1828.91,ASX,
3:44:20 PM,49.44,11,543.84,ASX,
3:44:20 PM,49.44,27,1334.88,ASX,
3:44:20 PM,49.44,6,296.64,ASX,
3:44:20 PM,49.44,7,346.08,ASX,
3:44:20 PM,49.44,53,2620.32,ASX,
3:44:20 PM,49.44,13,642.72,ASX,
3:44:20 PM,49.43,20,988.6,CXA,
3:44:20 PM,49.44,3,148.32,CXA,
3:44:20 PM,49.44,13,642.72,CXA,
3:44:19 PM,49.44,1,49.44,ASX,
3:44:19 PM,49.45,1,49.45,ASX,
3:44:18 PM,49.44,19,939.36,ASX,
3:44:18 PM,49.44,6,296.64,ASX,
3:44:18 PM,49.44,50,2472,ASX,
3:44:18 PM,49.445,15,741.675,CXA,NX XT
3:44:18 PM,49.44,11,543.84,CXA,
3:44:17 PM,49.42,16,790.72,ASX,
3:44:17 PM,49.42,42,2075.64,ASX,
3:44:17 PM,49.42,6,296.52,ASX,
3:44:17 PM,49.42,22,1087.24,ASX,
3:44:17 PM,49.42,20,988.4,ASX,XT
3:44:17 PM,49.42,22,1087.24,CXA,
3:44:15 PM,49.43,1,49.43,ASX,
3:44:15 PM,49.45,2,98.9,ASX,
3:44:15 PM,49.45,10,494.5,ASX,
3:44:15 PM,49.45,1,49.45,ASX,
3:44:13 PM,49.42,32,1581.44,ASX,
3:44:13 PM,49.42,10,494.2,ASX,
3:44:13 PM,49.42,50,2471,ASX,
3:44:13 PM,49.435,98,4844.63,ASX,CXXT
3:44:13 PM,49.42,10,494.2,CXA,
3:44:12 PM,49.42,3,148.26,CXA,
3:44:12 PM,49.42,16,790.72,CXA,
3:44:09 PM,49.45,72,3560.4,ASX,
3:44:08 PM,49.43,10,494.3,ASX,
3:44:08 PM,49.44,16,791.04,ASX,
3:44:08 PM,49.44,6,296.64,ASX,
3:44:08 PM,49.42,1,49.42,CXA,
3:44:08 PM,49.44,17,840.48,CXA,
3:44:08 PM,49.44,1,49.44,ASX,
3:44:08 PM,49.45,1,49.45,ASX,
3:44:08 PM,49.45,2,98.9,ASX,
3:44:08 PM,49.45,12,593.4,ASX,XT
3:44:08 PM,49.45,1,49.45,ASX,
3:44:08 PM,49.45,1,49.45,CXA,
3:44:07 PM,49.435,1,49.435,ASX,NXXT
3:44:06 PM,49.44,6,296.64,ASX,
3:44:06 PM,49.44,2,98.88,ASX,
3:44:06 PM,49.44,1,49.44,ASX,
3:44:06 PM,49.44,10,494.4,ASX,
3:44:06 PM,49.43,22,1087.46,ASX,
3:44:06 PM,49.43,1,49.43,ASX,
3:44:06 PM,49.43,31,1532.33,ASX,
3:44:06 PM,49.43,1,49.43,ASX,
3:44:06 PM,49.43,10,494.3,ASX,
3:44:06 PM,49.43,1,49.43,ASX,
3:44:03 PM,49.415,2,98.83,ASX,NXXT
3:44:02 PM,49.43,4,197.72,ASX,
3:44:01 PM,49.4,4,197.6,CXA,
3:44:01 PM,49.4,31,1531.4,CXA,
3:44:00 PM,49.42,1,49.42,ASX,
3:44:00 PM,49.42,1,49.42,ASX,
3:44:00 PM,49.42,6,296.52,ASX,
3:44:00 PM,49.42,12,593.04,ASX,
3:44:00 PM,49.42,21,1037.82,ASX,
3:44:00 PM,49.41,1,49.41,ASX,CXXT
3:44:00 PM,49.39,8,395.12,ASX,CXXT
3:44:00 PM,49.41,14,691.74,ASX,
3:44:00 PM,49.41,1,49.41,ASX,
3:44:00 PM,49.41,50,2470.5,ASX,
3:44:00 PM,49.4,3,148.2,CXA,CX
3:43:56 PM,49.39,20,987.8,ASX,
3:43:56 PM,49.39,5,246.95,ASX,
3:43:56 PM,49.39,5,246.95,ASX,
3:43:56 PM,49.39,52,2568.28,ASX,
3:43:56 PM,49.38,5,246.9,CXA,
3:43:56 PM,49.39,13,642.07,CXA,
3:43:53 PM,49.41,10,494.1,ASX,
3:43:53 PM,49.41,4,197.64,ASX,
3:43:53 PM,49.4,1,49.4,ASX,CXXT
3:43:53 PM,49.4,50,2470,ASX,
3:43:53 PM,49.39,5,246.95,ASX,NXXT
3:43:53 PM,49.39,25,1234.75,ASX,
3:43:53 PM,49.39,3,148.17,ASX,
3:43:53 PM,49.39,4,197.56,ASX,
3:43:53 PM,49.39,10,493.9,ASX,
3:43:53 PM,49.39,8,395.12,ASX,
