Time,Price $,Volume,Value $,Market,Condition
4:10:40 PM,84.99,17,1444.83,ASX,
3:59:55 PM,84.34,22,1855.48,ASX,
3:59:49 PM,84.38,27,2278.26,ASX,
3:59:47 PM,84.13,1793,150845.09,ASX,
3:59:47 PM,84.13,849,71426.37,ASX,
3:59:47 PM,84.15,90,7573.5,ASX,
3:59:40 PM,84.35,27,2277.45,ASX,
3:59:02 PM,84.15,69,5806.35,ASX,
3:59:02 PM,84.15,12,1009.8,ASX,
3:59:02 PM,84.16,18,1514.88,ASX,
3:59:02 PM,84.16,63,5302.08,ASX,
3:58:49 PM,84.21,1,84.21,ASX,
3:58:49 PM,84.11,4,336.44,ASX,
3:58:49 PM,84.11,49,4121.39,ASX,
3:58:47 PM,84.11,37,3112.07,ASX,
3:58:44 PM,84.13,36,3028.68,ASX,
3:58:44 PM,84.13,54,4543.02,ASX,
3:57:59 PM,83.99,250,20997.5,ASX,
3:57:53 PM,84.02,107,8990.14,ASX,
3:57:53 PM,84.02,145,12182.9,ASX,
3:57:53 PM,84.02,144,12098.88,ASX,
3:57:48 PM,84.08,77,6474.16,ASX,
3:57:48 PM,84.08,184,15470.72,ASX,
3:57:00 PM,84.17,14,1178.38,ASX,
3:56:05 PM,84.1,217,18249.7,ASX,
3:56:05 PM,84.1,78,6559.8,ASX,
3:56:05 PM,84.1,61,5130.1,ASX,
3:55:13 PM,84.15,15,1262.25,ASX,
3:53:51 PM,83.99,102,8566.98,ASX,
3:53:44 PM,84.07,88,7398.16,ASX,
3:53:44 PM,84.07,90,7566.3,ASX,
3:53:34 PM,84,735,61740,ASX,
3:53:13 PM,83.99,158,13270.42,ASX,
3:53:13 PM,83.98,184,15452.32,ASX,
3:53:13 PM,83.98,90,7558.2,ASX,
3:53:13 PM,84,68,5712,CXA,
3:52:56 PM,83.99,30,2519.7,ASX,
3:52:56 PM,83.99,90,7559.1,ASX,
3:51:56 PM,83.96,683,57344.68,ASX,
3:51:47 PM,83.91,206,17285.46,ASX,
3:51:47 PM,83.92,22,1846.24,ASX,
3:51:47 PM,83.92,185,15525.2,ASX,
3:51:25 PM,83.96,297,24936.12,ASX,
3:51:18 PM,83.94,63,5288.22,ASX,
3:51:18 PM,83.94,87,7302.78,ASX,
3:50:26 PM,83.94,4,335.76,ASX,
3:50:22 PM,83.94,10,839.4,ASX,
3:50:22 PM,83.94,90,7554.6,ASX,
3:50:01 PM,83.85,235,19704.75,CXA,
3:50:01 PM,83.85,218,18279.3,CXA,
3:49:58 PM,83.85,310,25993.5,ASX,XT
3:49:04 PM,83.86,269,22558.34,ASX,
3:48:34 PM,83.87,410,34386.7,ASX,
3:48:34 PM,83.87,90,7548.3,ASX,
3:48:21 PM,83.95,173,14523.35,ASX,
3:48:21 PM,83.95,132,11081.4,ASX,
3:48:21 PM,83.95,173,14523.35,ASX,
3:45:14 PM,83.87,10,838.7,ASX,
3:45:00 PM,83.81,90,7542.9,ASX,
3:43:11 PM,83.73,3,251.19,ASX,
3:43:10 PM,83.73,261,21853.53,ASX,
3:43:10 PM,83.73,90,7535.7,ASX,
3:42:52 PM,83.72,56,4688.32,ASX,
3:42:30 PM,83.79,8,670.32,ASX,
3:42:30 PM,83.79,90,7541.1,ASX,
3:42:04 PM,83.78,319,26725.82,ASX,
3:42:04 PM,83.8,320,26816,ASX,
3:42:01 PM,83.8,90,7542,ASX,
3:41:58 PM,83.74,151,12644.74,ASX,
3:41:56 PM,83.7,800,66960,ASX,
3:41:56 PM,83.7,800,66960,ASX,
3:41:56 PM,83.7,150,12555,CXA,
3:41:56 PM,83.7,850,71145,CXA,
3:41:56 PM,83.7,1413,118268.1,CXA,
3:41:56 PM,83.7,1005,84118.5,CXA,
3:40:08 PM,83.67,118,9873.06,CXA,
3:38:55 PM,83.65,7,585.55,CXA,
3:34:50 PM,83.54,11,918.94,ASX,
3:34:07 PM,83.54,230,19214.2,ASX,
3:34:07 PM,83.54,670,55971.8,ASX,
3:34:07 PM,83.54,1600,133664,ASX,
3:34:07 PM,83.54,500,41770,ASX,
3:34:07 PM,83.54,49,4093.46,CXA,
3:33:12 PM,83.6,198,16552.8,ASX,
3:33:05 PM,83.61,107,8946.27,CXA,
3:33:05 PM,83.61,223,18645.03,CXA,
3:33:05 PM,83.61,289,24163.29,CXA,
3:33:05 PM,83.61,243,20317.23,CXA,
3:33:00 PM,83.61,115,9615.15,ASX,
3:33:00 PM,83.61,250,20902.5,ASX,
3:32:50 PM,83.56,272,22728.32,ASX,
3:32:50 PM,83.56,64,5347.84,ASX,
3:32:50 PM,83.56,127,10612.12,ASX,
3:32:50 PM,83.56,452,37769.12,CXA,
3:32:47 PM,83.56,124,10361.44,CXA,
3:32:47 PM,83.56,14,1169.84,ASX,
3:32:47 PM,83.56,177,14790.12,ASX,
3:32:41 PM,83.52,263,21965.76,ASX,
3:32:41 PM,83.52,102,8519.04,ASX,
3:32:41 PM,83.52,90,7516.8,ASX,
3:32:36 PM,83.53,800,66824,ASX,
3:31:02 PM,83.52,16,1336.32,CXA,
3:27:29 PM,83.41,299,24939.59,ASX,
3:25:21 PM,83.36,480,40012.8,ASX,
3:24:54 PM,83.26,11,915.86,ASX,
3:24:54 PM,83.26,141,11739.66,ASX,
3:24:28 PM,83.21,23,1913.83,ASX,
3:23:24 PM,83.25,90,7492.5,ASX,
3:22:37 PM,83.23,121,10070.83,ASX,
3:22:29 PM,83.26,77,6411.02,ASX,
3:22:29 PM,83.26,133,11073.58,ASX,
3:22:29 PM,83.26,90,7493.4,ASX,
3:22:08 PM,83.28,18,1499.04,ASX,
3:22:08 PM,83.28,18,1499.04,ASX,
3:22:08 PM,83.28,36,2998.08,ASX,
3:22:08 PM,83.26,54,4496.04,ASX,
3:22:08 PM,83.26,89,7410.14,ASX,
3:22:08 PM,83.28,54,4497.12,ASX,
3:22:08 PM,83.25,150,12487.5,ASX,
3:22:08 PM,83.28,90,7495.2,ASX,
3:22:08 PM,83.26,119,9907.94,ASX,
3:22:08 PM,83.27,316,26313.32,ASX,
3:22:00 PM,83.31,25,2082.75,ASX,
3:21:58 PM,83.27,316,26313.32,ASX,
3:21:00 PM,83.32,120,9998.4,ASX,
3:19:40 PM,83.27,7,582.89,ASX,
3:19:40 PM,83.27,200,16654,ASX,
3:19:40 PM,83.27,90,7494.3,ASX,
3:19:30 PM,83.3,221,18409.3,ASX,
3:19:23 PM,83.34,16,1333.44,ASX,
3:19:23 PM,83.34,32,2666.88,ASX,
3:19:23 PM,83.34,18,1500.12,ASX,
3:19:18 PM,83.3,60,4998,ASX,
3:19:10 PM,83.27,500,41635,ASX,
3:19:10 PM,83.27,258,21483.66,ASX,
3:19:10 PM,83.27,242,20151.34,ASX,
3:18:34 PM,83.21,187,15560.27,CXA,
3:18:33 PM,83.2,60,4992,ASX,
3:18:33 PM,83.2,153,12729.6,ASX,
3:18:29 PM,83.2,82,6822.4,ASX,
3:18:29 PM,83.2,37,3078.4,ASX,
3:18:21 PM,83.2,5,416,ASX,
3:17:42 PM,83.2,42,3494.4,ASX,
3:17:32 PM,83.2,6,499.2,ASX,
3:17:02 PM,83.14,48,3990.72,ASX,
3:15:29 PM,83.29,90,7496.1,ASX,
3:13:30 PM,83.22,800,66576,ASX,
3:13:30 PM,83.22,365,30375.3,CXA,
3:13:30 PM,83.22,346,28794.12,CXA,
3:13:30 PM,83.22,167,13897.74,CXA,
3:13:30 PM,83.22,1388,115509.36,CXA,
3:13:30 PM,83.22,334,27795.48,CXA,
3:13:29 PM,83.19,79,6572.01,ASX,
3:13:29 PM,83.19,3,249.57,ASX,
3:13:29 PM,83.19,216,17969.04,ASX,
3:11:30 PM,83.1,2,166.2,CXA,
3:11:27 PM,83.06,28,2325.68,ASX,
3:11:27 PM,83.06,86,7143.16,ASX,
3:11:26 PM,83.06,204,16944.24,ASX,
3:11:26 PM,83.07,100,8307,ASX,
3:11:26 PM,83.07,218,18109.26,ASX,
3:08:42 PM,83.13,11,914.43,ASX,
3:07:44 PM,83.12,50,4156,ASX,
3:05:22 PM,83.14,286,23778.04,CXA,
3:05:22 PM,83.14,173,14383.22,CXA,
3:05:22 PM,83.14,540,44895.6,ASX,
3:05:04 PM,83.1,10,831,CXA,
3:02:56 PM,83.2,24,1996.8,CXA,
3:02:34 PM,83.2,900,74880,CXA,
3:01:35 PM,83.15,50,4157.5,ASX,
3:01:35 PM,83.17,247,20542.99,ASX,
3:01:35 PM,83.18,371,30859.78,ASX,
3:01:33 PM,83.19,371,30863.49,ASX,
3:01:33 PM,83.23,100,8323,CXA,
3:01:11 PM,83.33,10,833.3,ASX,
3:01:11 PM,83.32,90,7498.8,ASX,
3:00:38 PM,83.32,12,999.84,ASX,
3:00:37 PM,83.35,300,25005,ASX,
3:00:37 PM,83.33,86,7166.38,CXA,
3:00:22 PM,83.41,237,19768.17,ASX,
3:00:22 PM,83.41,53,4420.73,ASX,
3:00:12 PM,83.5,198,16533,ASX,
2:59:41 PM,83.5,60,5010,ASX,
2:57:01 PM,83.39,94,7838.66,ASX,
2:57:01 PM,83.39,90,7505.1,ASX,
2:56:48 PM,83.49,37,3089.13,ASX,
2:55:51 PM,83.42,250,20855,CXA,
2:54:22 PM,83.5,25,2087.5,ASX,
2:54:22 PM,83.5,231,19288.5,ASX,
2:53:55 PM,83.5,8,668,ASX,
2:53:55 PM,83.5,120,10020,ASX,
2:53:51 PM,83.54,59,4928.86,ASX,
2:53:38 PM,83.58,35,2925.3,ASX,
2:53:22 PM,83.66,180,15058.8,CXA,
2:51:33 PM,83.65,30,2509.5,ASX,
2:51:33 PM,83.65,149,12463.85,ASX,
2:51:33 PM,83.65,211,17650.15,ASX,
2:51:33 PM,83.66,391,32711.06,ASX,
2:51:11 PM,83.7,1,83.7,ASX,
2:50:06 PM,83.68,150,12552,CXA,
2:49:33 PM,83.66,71,5939.86,ASX,
2:48:57 PM,83.65,120,10038,ASX,
2:48:41 PM,83.7,250,20925,ASX,
2:48:01 PM,83.68,18,1506.24,ASX,
2:47:56 PM,83.7,85,7114.5,CXA,
2:46:03 PM,83.71,30,2511.3,ASX,
2:45:52 PM,83.71,47,3934.37,CXA,
2:45:35 PM,83.67,196,16399.32,ASX,
2:44:43 PM,83.71,20,1674.2,ASX,
2:44:27 PM,83.71,600,50226,CXA,
2:44:22 PM,83.71,400,33484,CXA,
2:44:07 PM,83.71,1552,129917.92,CXA,
2:43:04 PM,83.65,80,6692,ASX,
2:42:30 PM,83.66,90,7529.4,ASX,
2:42:30 PM,83.67,506,42337.02,CXA,
2:41:27 PM,83.63,161,13464.43,ASX,
2:41:27 PM,83.64,200,16728,ASX,
2:41:27 PM,83.66,241,20162.06,ASX,
2:41:27 PM,83.67,241,20164.47,ASX,
2:37:05 PM,83.54,30,2506.2,ASX,
2:37:05 PM,83.54,90,7518.6,ASX,
2:37:02 PM,83.6,39,3260.4,ASX,
2:36:40 PM,83.63,266,22245.58,ASX,
2:36:40 PM,83.63,90,7526.7,ASX,
2:36:15 PM,83.64,150,12546,CXA,
2:36:14 PM,83.64,500,41820,CXA,
2:33:38 PM,83.62,191,15971.42,CXA,
2:33:01 PM,83.61,242,20233.62,ASX,
2:31:46 PM,83.74,371,31067.54,ASX,
2:31:46 PM,83.75,372,31155,ASX,
2:31:32 PM,83.83,1200,100596,CXA,
2:30:47 PM,83.73,86,7200.78,ASX,
2:30:13 PM,83.75,90,7537.5,ASX,
2:29:23 PM,83.78,122,10221.16,ASX,
2:29:23 PM,83.78,90,7540.2,ASX,
2:29:21 PM,83.83,152,12742.16,ASX,
2:29:21 PM,83.83,470,39400.1,ASX,
2:28:57 PM,83.79,230,19271.7,ASX,
2:27:13 PM,83.72,178,14902.16,ASX,
2:27:11 PM,83.8,70,5866,ASX,
2:25:57 PM,83.9,408,34231.2,ASX,
2:25:27 PM,83.9,26,2181.4,ASX,
2:25:09 PM,83.88,28,2348.64,CXA,
2:22:57 PM,83.88,90,7549.2,ASX,
2:21:26 PM,83.89,306,25670.34,ASX,
2:21:26 PM,83.89,2,167.78,ASX,
2:21:26 PM,83.9,307,25757.3,ASX,
2:17:42 PM,83.9,90,7551,ASX,
2:16:03 PM,83.96,179,15028.84,ASX,
2:16:03 PM,83.96,90,7556.4,ASX,
2:16:03 PM,83.97,31,2603.07,CXA,
2:11:52 PM,83.89,1,83.89,ASX,
2:11:52 PM,83.89,500,41945,ASX,
2:11:52 PM,83.89,216,18120.24,ASX,
2:11:48 PM,83.95,88,7387.6,ASX,
2:11:48 PM,83.95,285,23925.75,ASX,
2:11:42 PM,83.95,373,31313.35,ASX,
2:09:36 PM,83.95,65,5456.75,ASX,
2:09:27 PM,84,119,9996,ASX,
2:09:14 PM,83.97,430,36107.1,ASX,
2:09:14 PM,83.97,46,3862.62,ASX,
2:08:56 PM,83.88,19,1593.72,CXA,
2:08:32 PM,83.93,34,2853.62,ASX,
2:08:32 PM,83.93,79,6630.47,ASX,
2:08:32 PM,83.93,110,9232.3,ASX,
2:08:32 PM,83.93,96,8057.28,ASX,
2:07:34 PM,84.03,142,11932.26,ASX,
2:07:34 PM,84.03,90,7562.7,ASX,
2:05:08 PM,84.05,90,7564.5,ASX,
2:03:35 PM,84.1,71,5971.1,ASX,
2:02:47 PM,84.14,60,5048.4,ASX,
2:02:01 PM,84.09,315,26488.35,ASX,
2:02:00 PM,84.1,314,26407.4,ASX,
1:58:58 PM,84.11,19,1598.09,ASX,
1:58:39 PM,84.12,268,22544.16,ASX,
1:58:34 PM,84.13,279,23472.27,ASX,
1:58:34 PM,84.12,27,2271.24,CXA,
1:58:21 PM,84.16,35,2945.6,ASX,
1:58:21 PM,84.16,45,3787.2,ASX,
1:58:21 PM,84.17,90,7575.3,ASX,
1:58:01 PM,84.22,260,21897.2,ASX,
1:58:01 PM,84.22,90,7579.8,ASX,
1:56:00 PM,84.2,59,4967.8,ASX,
1:54:13 PM,84.21,11,926.31,ASX,
1:51:51 PM,84.15,350,29452.5,ASX,
1:51:50 PM,84.15,349,29368.35,ASX,
1:51:16 PM,84.17,43,3619.31,ASX,
1:51:16 PM,84.1,271,22791.1,ASX,
1:51:16 PM,84.11,339,28513.29,ASX,
1:51:16 PM,84.11,90,7569.9,ASX,
1:51:12 PM,84.16,800,67328,ASX,
1:51:12 PM,84.16,800,67328,ASX,
1:51:12 PM,84.16,800,67328,ASX,
1:51:12 PM,84.14,90,7572.6,ASX,
1:48:14 PM,84.01,342,28731.42,ASX,
1:48:14 PM,84.01,39,3276.39,ASX,
1:47:19 PM,83.9,25,2097.5,ASX,
1:47:02 PM,84.02,59,4957.18,CXA,
1:46:13 PM,83.94,332,27868.08,ASX,
1:45:27 PM,84.01,24,2016.24,ASX,
1:44:37 PM,84.03,200,16806,CXA,
1:43:55 PM,84.1,7,588.7,ASX,
1:43:12 PM,84.04,57,4790.28,ASX,
1:43:12 PM,84.04,137,11513.48,ASX,
1:43:12 PM,84.04,429,36053.16,ASX,
1:41:33 PM,84.03,322,27057.66,ASX,
1:41:33 PM,84.04,38,3193.52,ASX,
1:41:33 PM,84.04,284,23867.36,ASX,
1:39:49 PM,84,1000,84000,ASX,
1:39:49 PM,84,34,2856,ASX,
1:39:49 PM,83.99,843,70803.57,CXA,
1:39:49 PM,84,25,2100,CXA,
1:39:49 PM,84,566,47544,CXA,
1:39:49 PM,84,409,34356,CXA,
1:39:05 PM,84.06,90,7565.4,ASX,
1:38:24 PM,84.04,73,6134.92,ASX,
1:38:24 PM,84.05,109,9161.45,ASX,
1:38:24 PM,84.05,204,17146.2,ASX,
1:38:24 PM,84.06,327,27487.62,ASX,
1:38:09 PM,84.14,59,4964.26,ASX,
1:37:42 PM,84.11,153,12868.83,ASX,
1:37:42 PM,84.11,306,25737.66,ASX,
1:37:42 PM,84.11,131,11018.41,ASX,
1:37:42 PM,84.09,363,30524.67,ASX,
1:37:23 PM,84.09,59,4961.31,CXA,
1:37:06 PM,84.11,90,7569.9,ASX,
1:37:02 PM,84.16,300,25248,ASX,
1:36:42 PM,84.14,37,3113.18,ASX,
1:36:17 PM,84.09,317,26656.53,ASX,
1:36:17 PM,84.1,88,7400.8,ASX,
1:36:17 PM,84.1,168,14128.8,ASX,
1:36:17 PM,84.1,35,2943.5,ASX,
1:36:17 PM,84.1,28,2354.8,ASX,
1:36:17 PM,84.11,337,28345.07,ASX,
1:36:10 PM,84.19,59,4967.21,ASX,
1:35:11 PM,84.19,141,11870.79,CXA,
1:35:11 PM,84.19,524,44115.56,CXA,
1:35:11 PM,84.19,474,39906.06,CXA,
1:35:11 PM,84.19,416,35023.04,CXA,
1:35:11 PM,84.19,159,13386.21,CXA,
1:35:11 PM,84.19,800,67352,CXA,
1:35:11 PM,84.19,800,67352,CXA,
1:34:57 PM,84.16,17,1430.72,ASX,
1:34:51 PM,84.08,19,1597.52,CXA,
1:34:18 PM,84.1,90,7569,ASX,
1:33:32 PM,84.06,155,13029.3,ASX,
1:33:32 PM,84.07,156,13114.92,ASX,
1:33:32 PM,84.07,74,6221.18,ASX,
1:33:31 PM,84.17,200,16834,ASX,
1:33:31 PM,84.17,800,67336,ASX,
1:33:31 PM,84.18,150,12627,ASX,
1:33:31 PM,84.18,139,11701.02,ASX,
1:33:31 PM,84.18,305,25674.9,ASX,
1:33:31 PM,84.18,406,34177.08,ASX,
1:33:31 PM,84.16,405,34084.8,CXA,
1:33:31 PM,84.18,379,31904.22,CXA,
1:33:31 PM,84.18,621,52275.78,CXA,
1:33:24 PM,84.19,258,21721.02,ASX,
1:33:18 PM,84.25,1000,84250,ASX,
1:33:18 PM,84.25,334,28139.5,CXA,
1:33:18 PM,84.25,478,40271.5,CXA,
1:33:18 PM,84.25,188,15839,CXA,
1:32:06 PM,84.2,294,24754.8,ASX,
1:32:06 PM,84.2,147,12377.4,ASX,
1:32:06 PM,84.2,286,24081.2,CXA,
1:32:06 PM,84.2,714,60118.8,CXA,
1:32:02 PM,84.14,457,38451.98,ASX,
1:32:02 PM,84.14,543,45688.02,ASX,
1:32:02 PM,84.14,43,3618.02,CXA,
1:32:02 PM,84.14,343,28860.02,CXA,
1:31:30 PM,84.1,297,24977.7,ASX,
1:31:30 PM,84.11,294,24728.34,ASX,
1:31:30 PM,84.12,281,23637.72,ASX,
1:31:29 PM,84.16,120,10099.2,CXA,
1:31:25 PM,84.13,281,23640.53,ASX,
1:31:14 PM,84.15,500,42075,ASX,
1:30:33 PM,84.1,151,12699.1,ASX,
1:30:33 PM,84.1,276,23211.6,ASX,
1:30:33 PM,84.11,44,3700.84,ASX,
1:30:32 PM,84.14,237,19941.18,ASX,
1:30:32 PM,84.16,18,1514.88,ASX,
1:30:32 PM,84.16,26,2188.16,ASX,
1:30:32 PM,84.18,611,51433.98,ASX,
1:30:32 PM,84.19,247,20794.93,ASX,
1:30:32 PM,84.19,253,21300.07,ASX,
1:30:32 PM,84.19,257,21636.83,CXA,
1:30:32 PM,84.19,113,9513.47,CXA,
1:30:31 PM,84.2,137,11535.4,CXA,
1:30:31 PM,84.2,117,9851.4,CXA,
1:30:31 PM,84.2,290,24418,CXA,
1:30:31 PM,84.2,287,24165.4,CXA,
1:30:31 PM,84.2,239,20123.8,CXA,
1:30:31 PM,84.2,289,24333.8,CXA,
1:30:31 PM,84.2,92,7746.4,CXA,
1:30:31 PM,84.2,107,9009.4,CXA,
1:30:31 PM,84.2,162,13640.4,CXA,
1:30:31 PM,84.2,173,14566.6,CXA,
1:30:31 PM,84.2,413,34774.6,CXA,
1:30:31 PM,84.2,245,20629,CXA,
1:30:07 PM,84.23,90,7580.7,ASX,
1:29:24 PM,84.1,35,2943.5,ASX,
1:29:18 PM,84.04,18,1512.72,ASX,
1:29:12 PM,83.98,101,8481.98,CXA,
1:29:12 PM,83.98,255,21414.9,CXA,
1:29:04 PM,84.02,90,7561.8,ASX,
1:28:30 PM,84.01,90,7560.9,ASX,
1:28:18 PM,84,90,7560,ASX,
1:28:01 PM,83.97,500,41985,ASX,
1:28:01 PM,83.97,292,24519.24,ASX,
1:28:01 PM,83.97,508,42656.76,ASX,
1:28:01 PM,83.97,492,41313.24,ASX,
1:28:01 PM,83.97,488,40977.36,CXA,
1:28:01 PM,83.97,140,11755.8,CXA,
1:28:01 PM,83.96,377,31652.92,CXA,
1:28:01 PM,83.96,876,73548.96,CXA,
1:27:53 PM,83.93,121,10155.53,ASX,
1:27:01 PM,83.84,526,44099.84,ASX,
1:27:01 PM,83.84,346,29008.64,ASX,
1:27:01 PM,83.84,128,10731.52,ASX,
1:27:01 PM,83.84,12,1006.08,CXA,
1:27:01 PM,83.84,107,8970.88,CXA,
1:27:01 PM,83.84,198,16600.32,CXA,
1:27:01 PM,83.84,683,57262.72,CXA,
1:26:56 PM,83.84,12,1006.08,CXA,
1:26:43 PM,83.75,71,5946.25,ASX,
1:26:43 PM,83.76,286,23955.36,ASX,
1:26:41 PM,83.79,108,9049.32,CXA,
1:26:41 PM,83.79,865,72478.35,CXA,
1:26:41 PM,83.79,603,50525.37,CXA,
1:26:41 PM,83.79,303,25388.37,CXA,
1:26:41 PM,83.79,235,19690.65,CXA,
1:26:41 PM,83.8,266,22290.8,ASX,
1:26:41 PM,83.81,184,15421.04,ASX,
1:26:41 PM,83.81,325,27238.25,CXA,
1:26:33 PM,83.85,90,7546.5,ASX,
1:25:25 PM,83.83,90,7544.7,ASX,
1:25:09 PM,83.79,5,418.95,ASX,
1:25:07 PM,83.84,264,22133.76,ASX,
1:22:37 PM,83.76,72,6030.72,ASX,
1:22:37 PM,83.75,290,24287.5,CXA,
1:22:37 PM,83.75,373,31238.75,CXA,
1:22:37 PM,83.75,501,41958.75,CXA,
1:22:37 PM,83.75,408,34170,CXA,
1:22:37 PM,83.75,187,15661.25,CXA,
1:22:37 PM,83.75,704,58960,CXA,
1:22:37 PM,83.75,122,10217.5,CXA,
1:22:37 PM,83.75,183,15326.25,CXA,
1:22:30 PM,83.76,47,3936.72,CXA,
1:22:29 PM,83.74,90,7536.6,ASX,
1:22:29 PM,83.76,30,2512.8,CXA,
1:21:03 PM,83.63,800,66904,ASX,
1:20:50 PM,83.56,177,14790.12,ASX,
1:20:50 PM,83.56,296,24733.76,ASX,
1:20:50 PM,83.53,184,15369.52,ASX,
1:20:41 PM,83.53,19,1587.07,ASX,
1:19:13 PM,83.44,212,17689.28,ASX,
1:19:13 PM,83.44,90,7509.6,ASX,
1:17:02 PM,83.5,25,2087.5,ASX,
1:16:27 PM,83.64,100,8364,ASX,
1:15:50 PM,83.55,144,12031.2,ASX,
1:15:50 PM,83.55,264,22057.2,ASX,
1:15:50 PM,83.55,7,584.85,ASX,
1:13:58 PM,83.58,149,12453.42,ASX,
1:13:58 PM,83.58,90,7522.2,ASX,
1:12:53 PM,83.55,185,15456.75,ASX,
1:12:11 PM,83.68,349,29204.32,CXA,
1:12:06 PM,83.68,343,28702.24,CXA,
1:11:57 PM,83.72,183,15320.76,CXA,
1:11:57 PM,83.72,119,9962.68,CXA,
1:11:22 PM,83.78,234,19604.52,ASX,
1:11:21 PM,83.81,90,7542.9,ASX,
1:10:21 PM,83.81,186,15588.66,ASX,
1:10:19 PM,83.83,30,2514.9,ASX,
1:10:19 PM,83.83,161,13496.63,ASX,
1:10:19 PM,83.84,800,67072,ASX,
1:10:19 PM,83.84,359,30098.56,CXA,
1:07:52 PM,83.97,800,67176,ASX,
1:07:52 PM,83.99,577,48462.23,CXA,
1:07:52 PM,83.99,233,19569.67,CXA,
1:07:45 PM,83.95,8,671.6,ASX,
1:07:45 PM,83.95,576,48355.2,ASX,
1:07:43 PM,83.89,159,13338.51,ASX,
1:07:43 PM,83.89,90,7550.1,ASX,
1:07:02 PM,83.92,50,4196,ASX,
1:06:56 PM,83.96,132,11082.72,ASX,
1:06:56 PM,83.96,8,671.68,ASX,
1:06:56 PM,83.96,32,2686.72,ASX,
1:06:56 PM,83.96,76,6380.96,ASX,
1:06:56 PM,83.97,183,15366.51,ASX,
1:06:56 PM,83.97,11,923.67,ASX,
1:06:56 PM,83.97,806,67679.82,ASX,
1:06:48 PM,84.03,12,1008.36,ASX,
1:05:32 PM,84.1,148,12446.8,CXA,
1:04:38 PM,84.12,140,11776.8,ASX,
1:04:38 PM,84.12,26,2187.12,ASX,
1:04:38 PM,84.12,34,2860.08,ASX,
1:04:38 PM,84.12,185,15562.2,ASX,
1:04:38 PM,84.12,368,30956.16,ASX,
1:04:08 PM,84.07,90,7566.3,ASX,
1:03:31 PM,84.04,64,5378.56,ASX,
1:03:31 PM,84.06,246,20678.76,ASX,
1:03:31 PM,84.06,90,7565.4,ASX,
1:02:45 PM,84.07,207,17402.49,ASX,
1:02:45 PM,84.07,116,9752.12,ASX,
1:02:45 PM,84.07,156,13114.92,ASX,
1:02:44 PM,84.1,14,1177.4,ASX,
1:02:44 PM,84.1,118,9923.8,CXA,
1:02:44 PM,84.1,700,58870,CXA,
1:02:44 PM,84.1,232,19511.2,ASX,
1:02:40 PM,84.12,273,22964.76,ASX,
1:02:30 PM,84.17,129,10857.93,CXA,
1:02:30 PM,84.17,128,10773.76,CXA,
1:02:30 PM,84.17,265,22305.05,CXA,
1:02:30 PM,84.17,333,28028.61,CXA,
1:02:30 PM,84.17,140,11783.8,CXA,
1:02:30 PM,84.17,217,18264.89,CXA,
1:02:30 PM,84.17,425,35772.25,CXA,
1:02:30 PM,84.17,671,56478.07,CXA,
1:02:30 PM,84.17,233,19611.61,CXA,
1:02:30 PM,84.17,224,18854.08,CXA,
1:02:30 PM,84.17,136,11447.12,CXA,
1:02:30 PM,84.17,99,8332.83,CXA,
1:01:00 PM,84.01,177,14869.77,CXA,
1:01:00 PM,84.01,341,28647.41,CXA,
1:01:00 PM,84.01,894,75104.94,ASX,
1:01:00 PM,84.01,500,42005,ASX,
1:01:00 PM,84,14,1176,ASX,
1:01:00 PM,84.01,308,25875.08,CXA,
1:01:00 PM,84.01,119,9997.19,CXA,
1:01:00 PM,84.01,191,16045.91,CXA,
1:01:00 PM,84.01,191,16045.91,CXA,
1:01:00 PM,84.01,793,66619.93,CXA,
1:01:00 PM,84.01,1152,96779.52,CXA,
12:59:31 PM,83.88,44,3690.72,ASX,
12:59:31 PM,83.88,90,7549.2,ASX,
12:57:48 PM,83.92,120,10070.4,ASX,
12:57:48 PM,83.92,56,4699.52,ASX,
12:57:48 PM,83.92,20,1678.4,ASX,
12:57:48 PM,83.94,11,923.34,ASX,
12:57:48 PM,83.94,194,16284.36,ASX,
12:57:13 PM,84.08,23,1933.84,CXA,
12:56:50 PM,84.06,138,11600.28,ASX,
12:56:50 PM,84.06,28,2353.68,ASX,
12:56:50 PM,84.06,27,2269.62,ASX,
12:56:50 PM,84.06,107,8994.42,ASX,
12:56:27 PM,84.08,210,17656.8,ASX,
12:56:24 PM,84.11,211,17747.21,ASX,
12:55:56 PM,84.17,317,26681.89,ASX,
12:55:56 PM,84.17,37,3114.29,ASX,
12:55:55 PM,84.17,14,1178.38,ASX,
12:55:55 PM,84.17,85,7154.45,ASX,
12:55:55 PM,84.17,621,52269.57,ASX,
12:55:26 PM,84.1,178,14969.8,CXA,
12:53:27 PM,84.03,140,11764.2,CXA,
12:53:11 PM,84.06,185,15551.1,ASX,
12:53:11 PM,84.06,90,7565.4,ASX,
12:51:52 PM,84.05,6,504.3,ASX,
12:51:20 PM,84.18,46,3872.28,ASX,
12:51:20 PM,84.18,74,6229.32,ASX,
12:51:06 PM,84.18,336,28284.48,ASX,
12:51:06 PM,84.18,190,15994.2,CXA,
12:51:06 PM,84.18,590,49666.2,CXA,
12:51:06 PM,84.18,184,15489.12,CXA,
12:50:57 PM,84.21,48,4042.08,ASX,
12:50:37 PM,84.3,18,1517.4,ASX,
12:50:26 PM,84.28,11,927.08,ASX,
12:49:50 PM,84.25,300,25275,ASX,
12:49:50 PM,84.25,279,23505.75,CXA,
12:49:49 PM,84.25,491,41366.75,CXA,
12:49:49 PM,84.25,230,19377.5,CXA,
12:49:48 PM,84.26,90,7583.4,ASX,
12:48:45 PM,84.36,35,2952.6,ASX,
12:48:39 PM,84.38,85,7172.3,CXA,
12:48:08 PM,84.4,260,21944,ASX,
12:47:27 PM,84.51,713,60255.63,ASX,
12:47:27 PM,84.52,260,21975.2,ASX,
12:47:27 PM,84.52,340,28736.8,ASX,
12:47:27 PM,84.52,2400,202848,ASX,
12:47:27 PM,84.53,123,10397.19,CXA,
12:47:21 PM,84.6,11,930.6,ASX,
12:46:59 PM,84.61,265,22421.65,CXA,NX XT
12:45:49 PM,84.6,984,83246.4,ASX,
12:45:49 PM,84.6,800,67680,ASX,
12:45:49 PM,84.6,102,8629.2,CXA,
12:45:49 PM,84.6,1054,89168.4,CXA,
12:44:10 PM,84.47,26,2196.22,ASX,
12:44:10 PM,84.47,307,25932.29,ASX,
12:44:10 PM,84.47,667,56341.49,ASX,
12:44:10 PM,84.46,682,57601.72,CXA,
12:44:10 PM,84.46,376,31756.96,CXA,
12:44:10 PM,84.47,1000,84470,CXA,
12:43:54 PM,84.53,138,11665.14,ASX,
12:43:54 PM,84.53,85,7185.05,ASX,
12:43:54 PM,84.53,12,1014.36,ASX,
12:43:54 PM,84.53,2,169.06,ASX,
12:43:27 PM,84.48,198,16727.04,ASX,
12:42:56 PM,84.51,522,44114.22,ASX,
12:42:17 PM,84.48,340,28723.2,ASX,
12:42:09 PM,84.5,429,36250.5,ASX,
12:42:03 PM,84.55,3,253.65,ASX,
12:42:03 PM,84.55,39,3297.45,ASX,
12:42:03 PM,84.55,29,2451.95,ASX,
12:42:03 PM,84.55,7,591.85,ASX,
12:42:03 PM,84.55,9,760.95,ASX,
12:42:03 PM,84.55,8,676.4,ASX,
12:42:03 PM,84.55,43,3635.65,ASX,
12:42:03 PM,84.55,99,8370.45,ASX,
12:42:03 PM,84.55,63,5326.65,ASX,
12:42:03 PM,84.55,111,9385.05,ASX,
12:41:40 PM,84.57,6,507.42,ASX,
12:41:37 PM,84.52,329,27807.08,ASX,
12:41:37 PM,84.53,44,3719.32,ASX,
12:41:37 PM,84.53,350,29585.5,ASX,
12:41:37 PM,84.55,4,338.2,ASX,
12:41:29 PM,84.55,86,7271.3,ASX,
12:41:06 PM,84.6,236,19965.6,ASX,
12:40:36 PM,84.53,615,51985.95,CXA,
12:40:34 PM,84.62,29,2453.98,CXA,
12:40:00 PM,84.52,249,21045.48,CXA,
12:39:12 PM,84.6,418,35362.8,ASX,
12:38:46 PM,84.48,20,1689.6,ASX,
12:38:46 PM,84.48,90,7603.2,ASX,
12:38:39 PM,84.56,7,591.92,ASX,
12:38:22 PM,84.51,366,30930.66,ASX,
12:38:22 PM,84.51,15,1267.65,ASX,
12:38:22 PM,84.51,52,4394.52,ASX,
12:38:22 PM,84.49,86,7266.14,ASX,
12:37:34 PM,84.44,11,928.84,CXA,
12:37:20 PM,84.4,340,28696,CXA,
12:37:20 PM,84.4,104,8777.6,CXA,
12:37:19 PM,84.41,699,59002.59,ASX,
12:37:19 PM,84.41,1000,84410,ASX,
12:37:19 PM,84.41,154,12999.14,CXA,
12:37:19 PM,84.41,392,33088.72,CXA,
12:37:19 PM,84.42,90,7597.8,ASX,
12:36:55 PM,84.48,30,2534.4,ASX,
12:36:55 PM,84.48,90,7603.2,ASX,
12:36:39 PM,84.31,16,1348.96,ASX,
12:36:39 PM,84.31,90,7587.9,ASX,
12:35:51 PM,84.23,90,7580.7,ASX,
12:35:25 PM,84.23,200,16846,ASX,
12:35:25 PM,84.23,800,67384,ASX,
12:35:25 PM,84.23,200,16846,CXA,
12:35:25 PM,84.23,800,67384,CXA,
12:34:59 PM,84.1,110,9251,CXA,
12:34:22 PM,84.08,50,4204,CXA,
12:34:04 PM,84.05,335,28156.75,ASX,
12:32:14 PM,83.97,22,1847.34,ASX,
12:31:54 PM,84.01,500,42005,ASX,
12:31:54 PM,84.01,500,42005,ASX,
12:31:53 PM,84,265,22260,ASX,
12:31:44 PM,83.93,65,5455.45,ASX,
12:31:08 PM,83.85,330,27670.5,ASX,
12:29:49 PM,83.81,100,8381,CXA,
12:29:16 PM,83.92,31,2601.52,ASX,
12:29:16 PM,83.92,50,4196,ASX,
12:29:12 PM,83.86,903,75725.58,ASX,
12:28:41 PM,83.78,42,3518.76,ASX,
12:28:41 PM,83.79,48,4021.92,ASX,
12:28:41 PM,83.8,412,34525.6,ASX,
12:28:41 PM,83.8,1500,125700,ASX,
12:28:41 PM,83.8,90,7542,ASX,
12:28:41 PM,83.8,623,52207.4,CXA,
12:28:41 PM,83.8,138,11564.4,CXA,
12:28:41 PM,83.8,436,36536.8,CXA,
12:28:41 PM,83.81,109,9135.29,ASX,
12:28:30 PM,83.85,515,43182.75,ASX,
12:28:20 PM,83.85,705,59114.25,ASX,
12:28:20 PM,83.85,295,24735.75,ASX,
12:28:20 PM,83.84,500,41920,ASX,
12:28:20 PM,83.84,500,41920,ASX,
12:28:20 PM,83.84,500,41920,CXA,
12:28:20 PM,83.84,500,41920,CXA,
12:26:08 PM,83.66,90,7529.4,ASX,
12:25:41 PM,83.6,22,1839.2,ASX,
12:25:28 PM,83.64,328,27433.92,ASX,
12:25:28 PM,83.64,164,13716.96,ASX,
12:23:51 PM,83.5,42,3507,ASX,
12:23:44 PM,83.51,8,668.08,ASX,
12:23:44 PM,83.51,90,7515.9,ASX,
12:23:01 PM,83.59,18,1504.62,ASX,
12:23:01 PM,83.59,90,7523.1,ASX,
12:22:09 PM,83.53,29,2422.37,ASX,
12:22:01 PM,83.42,220,18352.4,ASX,
12:21:29 PM,83.59,373,31179.07,ASX,
12:21:29 PM,83.59,95,7941.05,ASX,
12:21:29 PM,83.59,101,8442.59,ASX,
12:21:29 PM,83.59,90,7523.1,ASX,
12:21:01 PM,83.62,340,28430.8,CXA,
12:20:58 PM,83.57,134,11198.38,ASX,
12:20:20 PM,83.49,6,500.94,ASX,
12:19:49 PM,83.54,106,8855.24,ASX,
12:19:49 PM,83.54,203,16958.62,ASX,
12:19:49 PM,83.54,326,27234.04,ASX,
12:19:42 PM,83.53,800,66824,ASX,
12:19:42 PM,83.53,800,66824,ASX,
12:19:42 PM,83.53,800,66824,ASX,
12:19:42 PM,83.53,154,12863.62,CXA,
12:19:18 PM,83.41,25,2085.25,ASX,
12:18:58 PM,83.47,239,19949.33,CXA,
12:18:39 PM,83.4,23,1918.2,ASX,
12:18:39 PM,83.4,12,1000.8,ASX,
12:18:33 PM,83.44,375,31290,ASX,
12:18:33 PM,83.44,281,23446.64,ASX,
12:18:33 PM,83.44,146,12182.24,ASX,
12:18:33 PM,83.44,198,16521.12,ASX,
12:18:33 PM,83.45,283,23616.35,ASX,
12:18:33 PM,83.45,90,7510.5,ASX,
12:18:33 PM,83.45,627,52323.15,ASX,
12:18:33 PM,83.45,315,26286.75,CXA,
12:18:33 PM,83.45,685,57163.25,CXA,
12:17:55 PM,83.45,296,24701.2,CXA,
12:16:00 PM,83.46,9,751.14,ASX,
12:16:00 PM,83.46,9,751.14,ASX,
12:16:00 PM,83.46,148,12352.08,ASX,
12:16:00 PM,83.46,20,1669.2,ASX,
12:16:00 PM,83.46,22,1836.12,ASX,
12:15:37 PM,83.36,18,1500.48,ASX,
12:15:37 PM,83.36,500,41680,ASX,
12:15:28 PM,83.29,25,2082.25,ASX,
12:15:15 PM,83.3,1,83.3,ASX,
12:15:15 PM,83.3,46,3831.8,ASX,
12:15:15 PM,83.3,165,13744.5,ASX,
12:14:21 PM,83.29,84,6996.36,ASX,
12:13:54 PM,83.34,90,7500.6,ASX,
12:13:20 PM,83.36,90,7502.4,ASX,
12:13:00 PM,83.3,320,26656,CXA,
12:12:16 PM,83.29,159,13243.11,ASX,
12:11:31 PM,83.3,7,583.1,ASX,
12:11:23 PM,83.35,90,7501.5,ASX,
12:10:59 PM,83.34,109,9084.06,CXA,
12:10:59 PM,83.34,133,11084.22,CXA,
12:10:59 PM,83.34,671,55921.14,CXA,
12:10:51 PM,83.39,18,1501.02,ASX,
12:10:48 PM,83.38,90,7504.2,ASX,
12:09:40 PM,83.41,22,1835.02,ASX,
12:08:59 PM,83.37,17,1417.29,ASX,
12:08:59 PM,83.37,90,7503.3,ASX,
12:08:42 PM,83.37,127,10587.99,ASX,
12:08:42 PM,83.37,6,500.22,ASX,
12:08:20 PM,83.4,90,7506,ASX,
12:07:07 PM,83.45,36,3004.2,ASX,
12:07:06 PM,83.43,7,584.01,ASX,
12:07:05 PM,83.43,13,1084.59,ASX,
12:07:05 PM,83.44,129,10763.76,ASX,
12:07:05 PM,83.44,10,834.4,ASX,
12:07:05 PM,83.44,52,4338.88,ASX,
12:07:05 PM,83.44,55,4589.2,ASX,
12:07:05 PM,83.44,33,2753.52,ASX,
12:07:05 PM,83.44,57,4756.08,ASX,
12:07:05 PM,83.44,10,834.4,ASX,
12:07:03 PM,83.45,6,500.7,ASX,
12:07:03 PM,83.45,50,4172.5,ASX,
12:07:03 PM,83.45,26,2169.7,ASX,
12:07:03 PM,83.45,50,4172.5,ASX,
12:07:03 PM,83.45,71,5924.95,ASX,
12:07:03 PM,83.45,30,2503.5,ASX,
12:07:03 PM,83.45,19,1585.55,ASX,
12:06:43 PM,83.53,491,41013.23,ASX,
12:06:43 PM,83.53,509,42516.77,ASX,
12:06:43 PM,83.53,133,11109.49,CXA,
12:06:43 PM,83.53,84,7016.52,CXA,
12:06:43 PM,83.53,283,23638.99,CXA,
12:06:43 PM,83.53,175,14617.75,CXA,
12:06:43 PM,83.53,325,27147.25,CXA,
12:06:40 PM,83.56,153,12784.68,CXA,
12:05:15 PM,83.53,114,9522.42,ASX,
12:05:15 PM,83.54,3000,250620,ASX,
12:05:15 PM,83.55,90,7519.5,ASX,
12:02:19 PM,83.58,11,919.38,CXA,
12:02:13 PM,83.56,321,26822.76,ASX,
12:01:27 PM,83.45,529,44145.05,CXA,
12:01:27 PM,83.46,90,7511.4,ASX,
11:59:29 AM,83.51,126,10522.26,CXA,
11:59:28 AM,83.4,10,834,CXA,
11:59:24 AM,83.46,163,13603.98,ASX,
11:59:24 AM,83.46,500,41730,ASX,
11:59:24 AM,83.46,1032,86130.72,CXA,
11:59:24 AM,83.46,655,54666.3,CXA,
11:59:24 AM,83.46,606,50576.76,CXA,
11:59:24 AM,83.46,835,69689.1,CXA,
11:59:24 AM,83.46,517,43148.82,CXA,
11:59:02 AM,83.41,150,12511.5,CXA,
11:59:01 AM,83.38,821,68454.98,ASX,
11:58:25 AM,83.31,287,23909.97,ASX,
11:58:25 AM,83.32,74,6165.68,ASX,
11:58:24 AM,83.32,275,22913,ASX,
11:58:24 AM,83.34,348,29002.32,ASX,
11:58:21 AM,83.37,500,41685,ASX,
11:58:21 AM,83.37,142,11838.54,ASX,
11:58:00 AM,83.33,28,2333.24,ASX,
11:58:00 AM,83.33,36,2999.88,ASX,
11:58:00 AM,83.33,189,15749.37,ASX,
11:58:00 AM,83.33,87,7249.71,ASX,
11:58:00 AM,83.33,374,31165.42,ASX,
11:57:20 AM,83.26,101,8409.26,ASX,
11:57:20 AM,83.26,399,33220.74,ASX,
11:57:20 AM,83.26,500,41630,ASX,
11:57:20 AM,83.26,708,58948.08,CXA,
11:57:20 AM,83.26,292,24311.92,CXA,
11:57:20 AM,83.3,222,18492.6,ASX,
11:56:27 AM,83.33,70,5833.1,ASX,
11:56:27 AM,83.33,90,7499.7,ASX,
11:55:49 AM,83.4,760,63384,ASX,
11:55:49 AM,83.4,500,41700,ASX,
11:54:46 AM,83.34,142,11834.28,ASX,
11:54:46 AM,83.34,214,17834.76,ASX,
11:54:46 AM,83.35,557,46425.95,ASX,
11:54:46 AM,83.35,142,11835.7,ASX,
11:54:46 AM,83.35,301,25088.35,ASX,
11:54:46 AM,83.35,1000,83350,CXA,
11:54:42 AM,83.36,1500,125040,ASX,
11:54:41 AM,83.36,256,21340.16,CXA,
11:54:41 AM,83.37,335,27928.95,ASX,
11:54:41 AM,83.36,313,26091.68,CXA,
11:53:43 AM,83.52,500,41760,ASX,
11:53:43 AM,83.52,500,41760,ASX,
11:53:43 AM,83.52,500,41760,CXA,
11:53:17 AM,83.31,8,666.48,ASX,
11:53:11 AM,83.37,12,1000.44,CXA,
11:52:56 AM,83.29,87,7246.23,ASX,
11:52:56 AM,83.29,35,2915.15,ASX,
11:52:56 AM,83.29,16,1332.64,ASX,
11:52:56 AM,83.29,34,2831.86,ASX,
11:52:56 AM,83.29,98,8162.42,ASX,
11:52:56 AM,83.29,63,5247.27,ASX,
11:52:56 AM,83.29,148,12326.92,ASX,
11:52:56 AM,83.29,426,35481.54,ASX,
11:52:56 AM,83.29,183,15242.07,CXA,
11:52:43 AM,83.23,367,30545.41,CXA,
11:52:43 AM,83.23,217,18060.91,CXA,
11:52:43 AM,83.23,122,10154.06,CXA,
11:52:43 AM,83.23,370,30795.1,CXA,
11:52:43 AM,83.25,500,41625,ASX,
11:52:43 AM,83.25,177,14735.25,ASX,
11:52:42 AM,83.26,80,6660.8,ASX,
11:52:40 AM,83.27,36,2997.72,ASX,
11:51:43 AM,83.3,131,10912.3,ASX,
11:51:35 AM,83.33,30,2499.9,ASX,
11:51:10 AM,83.41,1,83.41,ASX,
11:51:10 AM,83.41,124,10342.84,ASX,
11:50:55 AM,83.43,286,23860.98,CXA,
11:50:55 AM,83.43,239,19939.77,CXA,
11:50:55 AM,83.43,46,3837.78,ASX,
11:50:55 AM,83.43,38,3170.34,ASX,
11:50:55 AM,83.43,90,7508.7,ASX,
11:50:55 AM,83.44,19,1585.36,ASX,
11:50:55 AM,83.445,19,1585.455,ASX,CXXT
11:50:55 AM,83.445,19,1585.455,ASX,CXXT
11:50:55 AM,83.44,190,15853.6,ASX,
11:50:55 AM,83.44,90,7509.6,ASX,
11:50:53 AM,83.43,193,16101.99,ASX,
11:50:44 AM,83.39,90,7505.1,ASX,
11:50:44 AM,83.41,210,17516.1,CXA,
11:50:31 AM,83.42,40,3336.8,ASX,
11:50:31 AM,83.42,190,15849.8,ASX,
11:49:37 AM,83.21,1333,110918.93,ASX,
11:49:37 AM,83.22,177,14729.94,ASX,
11:49:37 AM,83.22,90,7489.8,ASX,
11:49:30 AM,83.23,14,1165.22,ASX,
11:49:30 AM,83.23,15,1248.45,ASX,
11:49:30 AM,83.23,193,16063.39,ASX,
11:49:30 AM,83.22,209,17392.98,ASX,
11:49:14 AM,83.19,208,17303.52,ASX,
11:49:14 AM,83.18,38,3160.84,ASX,
11:49:14 AM,83.18,165,13724.7,ASX,
11:49:00 AM,83.16,120,9979.2,ASX,
11:49:00 AM,83.19,6,499.14,ASX,
11:49:00 AM,83.19,352,29282.88,ASX,
11:49:00 AM,83.19,642,53407.98,ASX,
11:49:00 AM,83.2,1000,83200,ASX,
11:49:00 AM,83.2,1000,83200,CXA,
11:48:37 AM,83.25,144,11988,CXA,
11:48:37 AM,83.25,137,11405.25,CXA,
11:48:37 AM,83.25,336,27972,CXA,
11:48:37 AM,83.25,163,13569.75,CXA,
11:48:24 AM,83.3,10,833,ASX,
11:48:23 AM,83.3,12,999.6,ASX,
11:47:39 AM,83.26,28,2331.28,ASX,
11:47:38 AM,83.24,621,51692.04,ASX,
11:47:38 AM,83.24,379,31547.96,ASX,
11:47:38 AM,83.23,1600,133168,ASX,
11:47:38 AM,83.23,500,41615,ASX,
11:47:38 AM,83.23,800,66584,ASX,
11:47:38 AM,83.23,500,41615,ASX,
11:47:38 AM,83.25,125,10406.25,CXA,
11:47:38 AM,83.25,181,15068.25,CXA,
11:47:38 AM,83.25,594,49450.5,CXA,
11:47:38 AM,83.25,313,26057.25,CXA,
11:47:38 AM,83.24,1000,83240,CXA,
11:47:38 AM,83.23,155,12900.65,CXA,
11:47:15 AM,83.16,317,26361.72,ASX,
11:46:46 AM,83.29,120,9994.8,CXA,
11:46:40 AM,83.2,40,3328,ASX,
11:46:32 AM,83.18,60,4990.8,ASX,
11:46:30 AM,83.18,11,914.98,ASX,XT
11:44:18 AM,83.15,91,7566.65,ASX,
11:44:18 AM,83.15,90,7483.5,ASX,
11:43:30 AM,83.18,145,12061.1,ASX,
11:43:30 AM,83.18,144,11977.92,ASX,
11:43:30 AM,83.18,423,35185.14,ASX,
11:41:03 AM,83.15,90,7483.5,ASX,
11:40:20 AM,83.23,59,4910.57,ASX,
11:40:08 AM,83.23,299,24885.77,ASX,
11:40:08 AM,83.23,545,45360.35,ASX,
11:40:07 AM,83.26,51,4246.26,ASX,
11:40:05 AM,83.3,252,20991.6,ASX,
11:40:05 AM,83.31,239,19911.09,ASX,
11:39:35 AM,83.33,8,666.64,ASX,
11:38:50 AM,83.2,210,17472,CXA,NX XT
11:38:14 AM,83.19,178,14807.82,ASX,
11:38:14 AM,83.19,245,20381.55,ASX,
11:38:14 AM,83.19,139,11563.41,ASX,
11:38:14 AM,83.19,90,7487.1,ASX,
11:37:54 AM,83.28,49,4080.72,ASX,
11:37:54 AM,83.28,690,57463.2,ASX,
11:37:30 AM,83.23,77,6408.71,ASX,
11:37:30 AM,83.23,438,36454.74,ASX,
11:37:30 AM,83.24,1000,83240,ASX,
11:37:30 AM,83.24,600,49944,CXA,
11:37:30 AM,83.26,165,13737.9,ASX,
11:36:19 AM,83.32,469,39077.08,CXA,
11:36:19 AM,83.32,800,66656,ASX,
11:36:19 AM,83.32,800,66656,ASX,
11:35:42 AM,83.28,250,20820,ASX,
11:34:54 AM,83.35,29,2417.15,ASX,
11:34:51 AM,83.32,565,47075.8,ASX,
11:32:54 AM,83.27,133,11074.91,ASX,
11:32:54 AM,83.27,606,50461.62,ASX,
11:32:54 AM,83.27,46,3830.42,CXA,
11:32:54 AM,83.27,700,58289,CXA,
11:32:45 AM,83.28,143,11909.04,ASX,
11:32:45 AM,83.28,57,4746.96,ASX,
11:32:45 AM,83.28,800,66624,ASX,
11:32:45 AM,83.28,300,24984,CXA,
11:31:36 AM,83.45,88,7343.6,ASX,
11:31:36 AM,83.45,404,33713.8,ASX,
11:31:36 AM,83.45,419,34965.55,ASX,
11:30:41 AM,83.52,218,18207.36,ASX,
11:30:41 AM,83.52,90,7516.8,ASX,
11:28:37 AM,83.57,16,1337.12,ASX,
11:28:37 AM,83.57,875,73123.75,CXA,
11:28:37 AM,83.61,107,8946.27,ASX,
11:28:37 AM,83.61,49,4096.89,ASX,
11:28:37 AM,83.61,113,9447.93,ASX,
11:28:37 AM,83.61,68,5685.48,ASX,
11:28:37 AM,83.61,26,2173.86,ASX,
11:28:37 AM,83.61,7,585.27,ASX,
11:28:36 AM,83.65,321,26851.65,ASX,
11:28:03 AM,83.73,23,1925.79,ASX,
11:28:03 AM,83.73,90,7535.7,ASX,
11:28:02 AM,83.74,110,9211.4,ASX,
11:28:02 AM,83.74,90,7536.6,ASX,
11:27:58 AM,83.71,177,14816.67,ASX,
11:27:47 AM,83.66,12,1003.92,ASX,
11:27:47 AM,83.66,90,7529.4,ASX,
11:27:16 AM,83.65,6,501.9,ASX,
11:26:15 AM,83.71,347,29047.37,ASX,
11:26:15 AM,83.72,262,21934.64,ASX,
11:26:15 AM,83.71,222,18583.62,CXA,
11:26:05 AM,83.77,331,27727.87,ASX,
11:24:53 AM,83.86,178,14927.08,ASX,
11:24:35 AM,83.76,34,2847.84,ASX,
11:24:32 AM,83.81,96,8045.76,ASX,
11:24:32 AM,83.82,335,28079.7,CXA,
11:24:32 AM,83.83,611,51220.13,ASX,
11:24:32 AM,83.83,1510,126583.3,CXA,
11:23:57 AM,83.89,62,5201.18,ASX,
11:23:39 AM,83.89,1000,83890,CXA,
11:23:30 AM,83.85,500,41925,ASX,
11:22:32 AM,83.73,60,5023.8,ASX,
11:22:16 AM,83.67,27,2259.09,ASX,
11:22:03 AM,83.74,135,11304.9,ASX,
11:22:03 AM,83.74,236,19762.64,ASX,
11:20:44 AM,83.69,61,5105.09,ASX,
11:20:36 AM,83.65,500,41825,ASX,
11:20:18 AM,83.64,90,7527.6,ASX,
11:20:18 AM,83.64,90,7527.6,ASX,
11:19:59 AM,83.55,100,8355,ASX,
11:19:59 AM,83.57,35,2924.95,ASX,
11:19:59 AM,83.57,228,19053.96,ASX,
11:19:59 AM,83.54,137,11444.98,CXA,
11:19:37 AM,83.57,52,4345.64,ASX,
11:19:37 AM,83.57,2,167.14,ASX,
11:19:26 AM,83.57,88,7354.16,ASX,
11:19:06 AM,83.61,7,585.27,ASX,
11:18:37 AM,83.58,43,3593.94,ASX,
11:18:10 AM,83.54,48,4009.92,ASX,
11:18:10 AM,83.54,12,1002.48,ASX,
11:17:53 AM,83.5,49,4091.5,ASX,
11:16:27 AM,83.59,119,9947.21,CXA,
11:16:08 AM,83.58,800,66864,ASX,
11:16:08 AM,83.58,800,66864,ASX,
11:14:49 AM,83.45,311,25952.95,CXA,
11:14:25 AM,83.41,272,22687.52,ASX,
11:13:50 AM,83.53,60,5011.8,ASX,
11:13:17 AM,83.48,258,21537.84,ASX,
11:13:17 AM,83.5,50,4175,ASX,
11:12:53 AM,83.57,131,10947.67,ASX,
11:12:53 AM,83.57,800,66856,ASX,
11:12:53 AM,83.57,72,6017.04,ASX,
11:12:53 AM,83.57,664,55490.48,ASX,
11:12:40 AM,83.5,225,18787.5,ASX,
11:12:40 AM,83.5,120,10020,ASX,
11:12:40 AM,83.5,119,9936.5,ASX,
11:12:35 AM,83.53,749,62563.97,ASX,
11:12:35 AM,83.53,125,10441.25,ASX,
11:12:35 AM,83.53,182,15202.46,CXA,
11:12:35 AM,83.53,1000,83530,CXA,
11:12:20 AM,83.65,41,3429.65,ASX,
11:12:20 AM,83.65,627,52448.55,ASX,
11:11:46 AM,83.73,11,921.03,ASX,
11:11:26 AM,83.71,305,25531.55,ASX,
11:11:26 AM,83.71,260,21764.6,ASX,
11:11:26 AM,83.71,435,36413.85,ASX,
11:11:26 AM,83.71,282,23606.22,ASX,
11:11:26 AM,83.71,112,9375.52,ASX,
11:11:26 AM,83.71,235,19671.85,ASX,
11:11:26 AM,83.71,371,31056.41,ASX,
11:11:23 AM,83.73,72,6028.56,CXA,
11:11:23 AM,83.73,326,27295.98,CXA,
11:11:23 AM,83.73,106,8875.38,CXA,
11:11:23 AM,83.73,382,31984.86,CXA,
11:11:23 AM,83.73,114,9545.22,CXA,
11:10:57 AM,83.88,339,28435.32,ASX,
11:10:49 AM,83.96,625,52475,ASX,
11:10:49 AM,83.96,90,7556.4,ASX,
11:10:13 AM,83.93,236,19807.48,CXA,
11:10:13 AM,83.93,245,20562.85,CXA,
11:10:13 AM,83.93,265,22241.45,CXA,
11:10:04 AM,84.08,143,12023.44,ASX,
11:10:04 AM,84.08,8,672.64,ASX,
11:10:04 AM,84.08,20,1681.6,ASX,
11:10:04 AM,84.08,19,1597.52,ASX,
11:10:04 AM,84.08,51,4288.08,ASX,
11:10:04 AM,84.08,54,4540.32,ASX,
11:10:04 AM,84.08,28,2354.24,ASX,
11:10:04 AM,84.09,81,6811.29,ASX,
11:10:04 AM,84.09,147,12361.23,ASX,
11:10:03 AM,84.09,144,12108.96,ASX,
11:10:03 AM,84.12,375,31545,ASX,
11:10:03 AM,84.13,379,31885.27,ASX,
11:09:53 AM,84.16,90,7574.4,ASX,
11:09:16 AM,83.94,2,167.88,ASX,
11:09:15 AM,83.86,500,41930,ASX,
11:09:15 AM,83.86,4,335.44,ASX,
11:08:50 AM,83.68,7,585.76,ASX,
11:08:49 AM,83.67,355,29702.85,ASX,
11:08:49 AM,83.67,111,9287.37,ASX,
11:08:48 AM,83.64,17,1421.88,ASX,
11:08:32 AM,83.58,241,20142.78,ASX,
11:08:32 AM,83.59,65,5433.35,ASX,
11:08:32 AM,83.59,190,15882.1,ASX,
11:08:21 AM,83.64,241,20157.24,ASX,
11:08:21 AM,83.63,216,18064.08,CXA,
11:08:21 AM,83.63,116,9701.08,CXA,
11:08:21 AM,83.63,165,13798.95,CXA,
11:08:21 AM,83.63,189,15806.07,CXA,
11:08:21 AM,83.63,240,20071.2,ASX,
11:08:21 AM,83.62,1000,83620,ASX,
11:08:21 AM,83.61,306,25584.66,ASX,
11:08:21 AM,83.61,694,58025.34,ASX,
11:08:21 AM,83.61,176,14715.36,CXA,
11:08:21 AM,83.61,174,14548.14,CXA,
11:08:21 AM,83.61,650,54346.5,CXA,
11:06:48 AM,83.7,1000,83700,ASX,
11:06:48 AM,83.7,259,21678.3,ASX,
11:06:07 AM,83.77,69,5780.13,ASX,
11:04:51 AM,83.76,70,5863.2,ASX,
11:03:26 AM,83.78,119,9969.82,CXA,
11:03:08 AM,83.77,90,7539.3,ASX,
11:03:08 AM,83.78,60,5026.8,CXA,
11:02:34 AM,83.7,409,34233.3,ASX,
11:02:33 AM,83.7,118,9876.6,ASX,
11:02:32 AM,83.7,112,9374.4,ASX,
11:02:32 AM,83.7,102,8537.4,ASX,
11:02:29 AM,83.72,90,7534.8,ASX,
11:01:42 AM,83.7,95,7951.5,ASX,
11:01:32 AM,83.72,46,3851.12,ASX,
11:01:32 AM,83.72,118,9878.96,ASX,
11:00:47 AM,83.7,171,14312.7,ASX,
11:00:34 AM,83.75,197,16498.75,ASX,
11:00:03 AM,83.61,60,5016.6,CXA,
11:00:02 AM,83.67,550,46018.5,ASX,
10:59:17 AM,83.64,238,19906.32,ASX,
10:59:17 AM,83.64,207,17313.48,ASX,
10:59:17 AM,83.65,120,10038,CXA,
10:59:17 AM,83.65,409,34212.85,ASX,
10:59:17 AM,83.65,591,49437.15,ASX,
10:59:17 AM,83.65,209,17482.85,ASX,
10:59:17 AM,83.66,84,7027.44,ASX,
10:59:17 AM,83.66,11,920.26,ASX,
10:59:17 AM,83.65,209,17482.85,CXA,
10:59:17 AM,83.65,122,10205.3,CXA,
10:59:17 AM,83.65,253,21163.45,CXA,
10:59:17 AM,83.65,91,7612.15,CXA,
10:59:17 AM,83.65,205,17148.25,CXA,
10:59:15 AM,83.67,169,14140.23,ASX,
10:59:07 AM,83.68,16,1338.88,CXA,
10:58:52 AM,83.7,48,4017.6,ASX,
10:58:52 AM,83.7,90,7533,ASX,
10:58:45 AM,83.76,74,6198.24,ASX,
10:58:45 AM,83.76,90,7538.4,ASX,
10:58:23 AM,83.75,51,4271.25,CXA,
10:57:51 AM,83.75,108,9045,ASX,
10:57:51 AM,83.75,116,9715,ASX,
10:55:21 AM,83.66,47,3932.02,ASX,
10:55:20 AM,83.7,362,30299.4,ASX,
10:55:20 AM,83.7,61,5105.7,ASX,
10:55:20 AM,83.7,120,10044,ASX,
10:55:20 AM,83.7,57,4770.9,ASX,
10:55:15 AM,83.69,17,1422.73,ASX,
10:55:15 AM,83.69,362,30295.78,ASX,
10:55:04 AM,83.66,45,3764.7,ASX,
10:55:00 AM,83.66,59,4935.94,ASX,
10:53:53 AM,83.7,1121,93827.7,ASX,
10:53:52 AM,83.7,139,11634.3,ASX,
10:53:52 AM,83.7,129,10797.3,ASX,
10:53:52 AM,83.7,111,9290.7,ASX,
10:53:14 AM,83.77,119,9968.63,CXA,
10:53:04 AM,83.68,22,1840.96,ASX,
10:53:04 AM,83.68,90,7531.2,ASX,
10:52:59 AM,83.77,110,9214.7,ASX,
10:52:59 AM,83.75,90,7537.5,ASX,
10:52:41 AM,83.75,800,67000,ASX,
10:52:41 AM,83.75,126,10552.5,CXA,
10:52:41 AM,83.73,231,19341.63,CXA,
10:50:58 AM,83.71,412,34488.52,CXA,
10:50:58 AM,83.71,530,44366.3,CXA,
10:50:58 AM,83.71,667,55834.57,CXA,
10:50:58 AM,83.71,464,38841.44,CXA,
10:50:58 AM,83.71,211,17662.81,CXA,
10:50:57 AM,83.71,159,13309.89,ASX,
10:50:57 AM,83.71,1600,133936,ASX,
10:50:57 AM,83.71,112,9375.52,ASX,
10:50:57 AM,83.71,500,41855,ASX,
10:50:54 AM,83.81,100,8381,CXA,
10:50:39 AM,83.78,489,40968.42,ASX,
10:50:39 AM,83.78,745,62416.1,ASX,
10:50:39 AM,83.78,72,6032.16,ASX,
10:50:39 AM,83.78,127,10640.06,ASX,
10:50:39 AM,83.78,90,7540.2,ASX,
10:50:37 AM,83.83,216,18107.28,ASX,
10:50:13 AM,83.8,239,20028.2,ASX,
10:50:10 AM,83.84,87,7294.08,ASX,
10:50:10 AM,83.84,259,21714.56,ASX,
10:50:10 AM,83.84,6,503.04,ASX,
10:49:20 AM,83.92,50,4196,ASX,
10:49:20 AM,83.9,59,4950.1,ASX,
10:49:15 AM,83.87,188,15767.56,ASX,
10:48:38 AM,83.94,29,2434.26,ASX,
10:48:38 AM,83.94,90,7554.6,ASX,
10:47:51 AM,83.92,359,30127.28,ASX,
10:47:51 AM,83.92,407,34155.44,ASX,
10:47:51 AM,83.92,756,63443.52,ASX,
10:47:51 AM,83.92,1,83.92,ASX,
10:46:52 AM,83.96,53,4449.88,ASX,
10:46:52 AM,83.96,92,7724.32,ASX,
10:46:52 AM,83.96,507,42567.72,ASX,
10:45:36 AM,83.91,800,67128,ASX,
10:45:36 AM,83.91,800,67128,ASX,
10:44:36 AM,83.92,1523,127810.16,CXA,
10:43:31 AM,83.81,326,27322.06,ASX,
10:43:31 AM,83.81,396,33188.76,ASX,
10:43:31 AM,83.81,174,14582.94,ASX,
10:43:31 AM,83.81,326,27322.06,ASX,
10:43:31 AM,83.82,503,42161.46,ASX,
10:43:31 AM,83.82,497,41658.54,ASX,
10:43:31 AM,83.82,789,66133.98,CXA,
10:43:31 AM,83.82,211,17686.02,CXA,
10:43:10 AM,83.91,156,13089.96,ASX,
10:43:10 AM,83.91,479,40192.89,ASX,
10:43:10 AM,83.91,254,21313.14,ASX,
10:43:10 AM,83.91,237,19886.67,ASX,
10:43:10 AM,83.91,405,33983.55,ASX,
10:43:10 AM,83.92,40,3356.8,ASX,
10:43:10 AM,83.92,421,35330.32,ASX,
10:43:10 AM,83.92,539,45232.88,ASX,
10:43:09 AM,83.93,40,3357.2,CXA,
10:43:09 AM,83.93,128,10743.04,CXA,
10:43:09 AM,83.93,832,69829.76,CXA,
10:43:09 AM,83.92,342,28700.64,ASX,
10:43:09 AM,83.93,762,63954.66,CXA,
10:42:42 AM,83.93,10,839.3,ASX,
10:42:34 AM,83.92,90,7552.8,ASX,
10:42:31 AM,83.85,214,17943.9,ASX,
10:42:31 AM,83.85,385,32282.25,ASX,
10:42:31 AM,83.85,237,19872.45,ASX,
10:42:23 AM,83.84,138,11569.92,CXA,
10:42:23 AM,83.84,185,15510.4,CXA,
10:42:23 AM,83.84,188,15761.92,CXA,
10:42:23 AM,83.84,1727,144791.68,CXA,
10:42:23 AM,83.85,1000,83850,CXA,
10:42:23 AM,83.85,1000,83850,ASX,
10:42:19 AM,83.85,1000,83850,CXA,
10:42:19 AM,83.85,1000,83850,ASX,
10:42:19 AM,83.85,90,7546.5,ASX,
10:42:19 AM,83.85,800,67080,ASX,
10:42:15 AM,83.85,1000,83850,CXA,
10:42:15 AM,83.85,1000,83850,ASX,
10:42:13 AM,83.85,75,6288.75,ASX,
10:42:13 AM,83.85,554,46452.9,ASX,
10:42:13 AM,83.85,427,35803.95,ASX,
10:42:13 AM,83.85,173,14506.05,ASX,
10:42:11 AM,83.85,124,10397.4,ASX,
10:42:11 AM,83.85,179,15009.15,ASX,
10:42:11 AM,83.85,400,33540,CXA,
10:42:10 AM,83.85,885,74207.25,ASX,
10:42:10 AM,83.85,2400,201240,ASX,
10:42:10 AM,83.85,500,41925,ASX,
10:42:10 AM,83.85,500,41925,ASX,
10:42:10 AM,83.85,1000,83850,ASX,
10:42:10 AM,83.85,1600,134160,ASX,
10:42:10 AM,83.85,6000,503100,ASX,
10:42:10 AM,83.85,500,41925,ASX,
10:42:10 AM,83.85,1600,134160,ASX,
10:42:10 AM,83.85,39,3270.15,ASX,
10:42:10 AM,83.85,1000,83850,ASX,
10:42:10 AM,83.85,3000,251550,ASX,
10:42:10 AM,83.85,332,27838.2,ASX,
10:42:10 AM,83.86,3000,251580,ASX,
10:42:10 AM,83.86,336,28176.96,ASX,
10:42:10 AM,83.87,324,27173.88,ASX,
10:42:10 AM,83.87,90,7548.3,ASX,
10:42:10 AM,83.85,2600,218010,CXA,
10:42:10 AM,83.86,3000,251580,CXA,
10:41:55 AM,83.91,109,9146.19,ASX,
10:41:55 AM,83.91,245,20557.95,ASX,
10:41:55 AM,83.91,88,7384.08,ASX,
10:41:53 AM,83.88,503,42191.64,ASX,
10:41:43 AM,83.8,210,17598,ASX,
10:41:43 AM,83.8,90,7542,ASX,
10:40:56 AM,83.74,599,50160.26,CXA,
10:40:02 AM,83.93,287,24087.91,ASX,
10:39:44 AM,84.08,64,5381.12,ASX,
10:39:44 AM,84.07,44,3699.08,ASX,
10:39:44 AM,84.07,153,12862.71,ASX,
10:38:43 AM,84.02,90,7561.8,ASX,
10:38:26 AM,84.07,90,7566.3,ASX,
10:38:01 AM,84.1,346,29098.6,ASX,
10:38:01 AM,84.1,90,7569,ASX,
10:38:01 AM,84.11,454,38185.94,CXA,
10:37:34 AM,84.04,35,2941.4,ASX,
10:37:34 AM,84.04,770,64710.8,ASX,
10:37:12 AM,84.16,50,4208,CXA,
10:36:50 AM,84.12,21,1766.52,ASX,
10:36:22 AM,84.13,200,16826,ASX,
10:36:22 AM,84.13,488,41055.44,ASX,
10:35:44 AM,84.06,36,3026.16,ASX,
10:35:44 AM,84.06,102,8574.12,ASX,
10:35:44 AM,84.06,31,2605.86,ASX,
10:35:44 AM,84.06,103,8658.18,ASX,
10:35:44 AM,84.06,36,3026.16,ASX,
10:35:44 AM,84.08,94,7903.52,ASX,
10:35:42 AM,84.09,153,12865.77,ASX,
10:35:25 AM,84.12,379,31881.48,ASX,
10:35:25 AM,84.12,120,10094.4,ASX,
10:35:25 AM,84.12,501,42144.12,ASX,
10:35:25 AM,84.12,299,25151.88,ASX,
10:35:25 AM,84.12,1000,84120,CXA,
10:35:20 AM,84.18,59,4966.62,ASX,
10:34:54 AM,84.17,30,2525.1,ASX,
10:34:44 AM,84.17,20,1683.4,ASX,
10:34:28 AM,84.18,11,925.98,ASX,
10:34:15 AM,84.09,306,25731.54,ASX,
10:34:15 AM,84.1,128,10764.8,CXA,
10:34:11 AM,84.13,252,21200.76,CXA,
10:34:11 AM,84.13,212,17835.56,CXA,
10:32:53 AM,84.06,379,31858.74,ASX,
10:32:53 AM,84.07,401,33712.07,ASX,
10:32:37 AM,84.19,59,4967.21,CXA,
10:32:14 AM,84.09,433,36410.97,ASX,
10:32:14 AM,84.1,367,30864.7,ASX,
10:32:14 AM,84.1,90,7569,ASX,
10:32:05 AM,84.1,800,67280,ASX,
10:32:05 AM,84.07,49,4119.43,ASX,
10:32:00 AM,84,117,9828,ASX,
10:31:53 AM,83.99,492,41323.08,ASX,
10:31:34 AM,83.94,12,1007.28,ASX,
10:31:33 AM,83.89,62,5201.18,ASX,
10:31:18 AM,83.94,530,44488.2,ASX,
10:31:17 AM,83.92,341,28616.72,ASX,
10:30:51 AM,83.89,90,7550.1,ASX,
10:30:27 AM,83.92,59,4951.28,ASX,
10:30:06 AM,83.91,379,31801.89,ASX,
10:30:06 AM,83.91,303,25424.73,ASX,
10:30:06 AM,83.91,302,25340.82,ASX,
10:30:06 AM,83.92,563,47246.96,ASX,
10:30:06 AM,83.92,2437,204513.04,ASX,
10:30:06 AM,83.92,403,33819.76,CXA,
10:30:06 AM,83.92,827,69401.84,CXA,
10:30:00 AM,83.98,206,17299.88,CXA,
10:29:45 AM,84,358,30072,CXA,
10:29:45 AM,84,470,39480,CXA,
10:29:45 AM,84,258,21672,CXA,
10:29:45 AM,84,444,37296,CXA,
10:29:35 AM,84.04,800,67232,ASX,
10:29:35 AM,84.04,46,3865.84,CXA,
10:29:35 AM,84.04,339,28489.56,CXA,
10:29:35 AM,84.04,428,35969.12,CXA,
10:29:35 AM,84.04,187,15715.48,CXA,
10:28:41 AM,83.79,40,3351.6,ASX,
10:28:41 AM,83.79,10,837.9,ASX,
10:28:41 AM,83.79,130,10892.7,ASX,
10:28:41 AM,83.79,119,9971.01,ASX,
10:28:09 AM,83.68,100,8368,CXA,
10:27:53 AM,83.77,299,25047.23,ASX,
10:27:44 AM,83.81,141,11817.21,ASX,
10:27:44 AM,83.81,439,36792.59,ASX,
10:27:35 AM,83.81,120,10057.2,ASX,
10:26:30 AM,83.53,800,66824,ASX,
10:26:30 AM,83.53,800,66824,ASX,
10:26:11 AM,83.45,124,10347.8,ASX,
10:26:10 AM,83.45,657,54826.65,ASX,
10:26:10 AM,83.44,156,13016.64,CXA,
10:26:10 AM,83.44,329,27451.76,CXA,
10:26:10 AM,83.44,282,23530.08,CXA,
10:26:10 AM,83.44,103,8594.32,CXA,
10:26:10 AM,83.44,354,29537.76,CXA,
10:25:52 AM,83.29,781,65049.49,ASX,
10:25:51 AM,83.32,200,16664,ASX,
10:25:51 AM,83.32,800,66656,ASX,
10:25:51 AM,83.32,1000,83320,CXA,
10:24:58 AM,83.39,384,32021.76,CXA,
10:24:58 AM,83.39,616,51368.24,CXA,
10:24:48 AM,83.26,317,26393.42,ASX,
10:24:48 AM,83.26,303,25227.78,ASX,
10:24:44 AM,83.22,33,2746.26,CXA,
10:24:09 AM,83.1,200,16620,CXA,
10:23:41 AM,83,91,7553,ASX,
10:22:59 AM,82.78,127,10513.06,ASX,
10:22:59 AM,82.77,500,41385,ASX,
10:22:59 AM,82.77,500,41385,ASX,
10:22:59 AM,82.77,500,41385,CXA,
10:22:55 AM,82.69,33,2728.77,ASX,
10:22:36 AM,82.69,320,26460.8,ASX,
10:22:36 AM,82.69,125,10336.25,ASX,
10:21:27 AM,82.69,41,3390.29,ASX,
10:21:16 AM,82.6,136,11233.6,CXA,
10:21:02 AM,82.63,195,16112.85,CXA,
10:20:38 AM,82.72,187,15468.64,ASX,
10:20:29 AM,82.74,10,827.4,ASX,
10:20:29 AM,82.74,90,7446.6,ASX,
10:19:15 AM,82.83,120,9939.6,CXA,
10:18:18 AM,82.79,69,5712.51,ASX,
10:18:18 AM,82.79,90,7451.1,ASX,
10:17:44 AM,82.89,180,14920.2,CXA,
10:17:24 AM,82.88,38,3149.44,ASX,
10:17:24 AM,82.88,111,9199.68,ASX,
10:17:24 AM,82.88,80,6630.4,ASX,
10:17:24 AM,82.88,73,6050.24,ASX,
10:17:24 AM,82.89,283,23457.87,ASX,
10:16:22 AM,82.75,30,2482.5,ASX,
10:16:16 AM,82.78,190,15728.2,ASX,
10:16:16 AM,82.78,800,66224,ASX,
10:16:16 AM,82.77,90,7449.3,ASX,
10:16:16 AM,82.68,99,8185.32,ASX,
10:16:16 AM,82.68,90,7441.2,ASX,
10:15:37 AM,82.75,90,7447.5,ASX,
10:15:37 AM,82.74,90,7446.6,ASX,
10:15:06 AM,82.66,89,7356.74,ASX,
10:14:40 AM,82.67,96,7936.32,ASX,
10:14:40 AM,82.67,90,7440.3,ASX,
10:14:12 AM,82.67,497,41086.99,ASX,
10:13:51 AM,82.67,249,20584.83,CXA,
10:13:42 AM,82.65,32,2644.8,ASX,
10:13:42 AM,82.65,240,19836,ASX,
10:13:35 AM,82.73,2983,246783.59,ASX,
10:13:35 AM,82.73,655,54188.15,ASX,
10:13:15 AM,82.57,600,49542,ASX,
10:12:57 AM,82.57,116,9578.12,ASX,
10:12:57 AM,82.57,202,16679.14,ASX,
10:12:53 AM,82.59,133,10984.47,ASX,
10:12:53 AM,82.56,367,30299.52,ASX,
10:12:34 AM,82.55,8,660.4,ASX,
10:12:18 AM,82.44,114,9398.16,ASX,
10:12:18 AM,82.44,86,7089.84,ASX,
10:12:18 AM,82.45,325,26796.25,ASX,
10:12:18 AM,82.46,302,24902.92,ASX,
10:12:13 AM,82.53,8,660.24,CXA,
10:12:10 AM,82.49,300,24747,ASX,
10:12:10 AM,82.49,90,7424.1,ASX,
10:12:09 AM,82.62,16,1321.92,ASX,
10:12:02 AM,82.49,23,1897.27,ASX,
10:12:02 AM,82.49,8,659.92,ASX,
10:12:02 AM,82.49,461,38027.89,ASX,
10:12:02 AM,82.49,31,2557.19,ASX,
10:12:00 AM,82.44,499,41137.56,ASX,
10:11:58 AM,82.33,50,4116.5,ASX,
10:11:58 AM,82.32,10,823.2,ASX,
10:11:58 AM,82.32,90,7408.8,ASX,
10:11:33 AM,82.25,9,740.25,ASX,
10:11:01 AM,82.25,134,11021.5,ASX,
10:10:44 AM,82.3,15,1234.5,CXA,
10:10:44 AM,82.24,70,5756.8,ASX,
10:10:44 AM,82.23,90,7400.7,ASX,
10:10:42 AM,82.21,90,7398.9,ASX,
10:10:41 AM,82.23,19,1562.37,ASX,
10:10:40 AM,82.26,60,4935.6,ASX,
10:10:40 AM,82.26,10,822.6,ASX,
10:10:40 AM,82.26,430,35371.8,ASX,
10:10:26 AM,82.44,12,989.28,CXA,
10:10:24 AM,82.46,12,989.52,CXA,
10:10:07 AM,82.33,25,2058.25,CXA,
10:10:05 AM,82.33,624,51373.92,CXA,
10:10:00 AM,82.31,36,2963.16,ASX,
10:09:47 AM,82.41,15,1236.15,CXA,
10:09:35 AM,82.29,217,17856.93,CXA,
10:09:01 AM,82.2,500,41100,ASX,
10:09:01 AM,82.2,90,7398,CXA,
10:09:01 AM,82.2,410,33702,CXA,
10:08:32 AM,82.23,90,7400.7,ASX,
10:06:57 AM,82.21,24,1973.04,CXA,
10:05:55 AM,82.35,89,7329.15,CXA,
10:04:28 AM,83.75,72,6030,ASX,
10:04:28 AM,83.75,428,35845,ASX,
10:04:28 AM,83.09,500,41545,CXA,
10:04:28 AM,82.51,500,41255,CXA,
10:03:58 AM,82.11,410,33665.1,ASX,
10:03:58 AM,82.11,90,7389.9,ASX,
10:03:58 AM,82.11,110,9032.1,CXA,
10:03:58 AM,82.11,390,32022.9,CXA,
10:03:39 AM,82.05,21,1723.05,ASX,
10:03:39 AM,82.05,90,7384.5,ASX,
10:03:10 AM,81.99,76,6231.24,ASX,
10:02:35 AM,82,34,2788,ASX,
10:02:29 AM,81.8,13,1063.4,ASX,
10:02:21 AM,81.73,103,8418.19,ASX,
10:02:21 AM,81.73,397,32446.81,ASX,
10:01:49 AM,82,130,10660,ASX,
10:01:49 AM,82,73,5986,ASX,
10:01:49 AM,82.11,7,574.77,ASX,
10:01:49 AM,82.8,10,828,ASX,
10:01:49 AM,82.9,120,9948,ASX,
10:01:49 AM,83,25,2075,ASX,
10:01:49 AM,83,125,10375,ASX,
10:01:49 AM,83,225,18675,ASX,
10:01:49 AM,83,161,13363,ASX,
10:01:49 AM,83.02,90,7471.8,ASX,
10:01:40 AM,83.01,17,1411.17,ASX,
10:01:24 AM,83,66,5478,ASX,XT
10:01:20 AM,83.01,97,8051.97,ASX,
10:01:20 AM,83.01,90,7470.9,ASX,
10:01:14 AM,83,27,2241,ASX,
10:01:05 AM,83,46,3818,ASX,
10:01:05 AM,83.15,12,997.8,ASX,
10:01:05 AM,83.2,60,4992,ASX,
10:01:05 AM,83.6,2,167.2,ASX,
10:01:05 AM,83.7,92,7700.4,ASX,
10:01:05 AM,83.6,94,7858.4,ASX,
10:01:05 AM,83.61,50,4180.5,ASX,
10:01:05 AM,83.7,30,2511,ASX,
10:01:05 AM,84,8,672,ASX,
10:01:05 AM,84,28,2352,ASX,
10:01:05 AM,84,8,672,ASX,
10:01:05 AM,84,36,3024,ASX,
10:01:05 AM,84,38,3192,ASX,
10:01:05 AM,84,6,504,ASX,
10:01:05 AM,84.1,80,6728,ASX,
10:01:05 AM,84.1,288,24220.8,ASX,
10:01:05 AM,84.47,80,6757.6,ASX,
10:01:05 AM,84.47,120,10136.4,ASX,
10:01:05 AM,84.5,10,845,ASX,
10:01:05 AM,84.5,70,5915,ASX,
10:00:56 AM,84.5,80,6760,ASX,
10:00:53 AM,85,11,935,ASX,
10:00:53 AM,85,10,850,ASX,
10:00:53 AM,85,100,8500,ASX,
10:00:53 AM,85,9,765,ASX,
10:00:53 AM,85,10,850,ASX,
10:00:53 AM,85,11,935,ASX,
10:00:53 AM,85,170,14450,ASX,
10:00:53 AM,85,40,3400,ASX,
10:00:53 AM,85,3,255,ASX,
10:00:53 AM,85,450,38250,ASX,
10:00:53 AM,85,58,4930,ASX,
10:00:53 AM,85,766,65110,ASX,
10:00:13 AM,85,430,36550,ASX,
10:00:13 AM,85.01,70,5950.7,ASX,
10:00:10 AM,85,4,340,ASX,
10:00:10 AM,85,15,1275,ASX,
10:00:10 AM,85.01,50,4250.5,ASX,
10:00:10 AM,85.1,11,936.1,ASX,
10:00:10 AM,85.4,330,28182,ASX,
10:00:10 AM,85.41,90,7686.9,ASX,
10:00:10 AM,85.4,170,14518,ASX,
10:00:10 AM,85.55,23,1967.65,ASX,
10:00:10 AM,85.6,15,1284,ASX,
10:00:10 AM,85.9,75,6442.5,ASX,
10:00:10 AM,85.9,13,1116.7,ASX,
10:00:10 AM,86,115,9890,ASX,
10:00:10 AM,86,23,1978,ASX,
10:00:10 AM,86,8,688,ASX,
10:00:10 AM,86,58,4988,ASX,
10:00:10 AM,86.3,98,8457.4,ASX,
10:00:10 AM,86.3,158,13635.4,ASX,
10:00:10 AM,86.3,158,13635.4,ASX,
10:00:10 AM,86.3,158,13635.4,ASX,
10:00:10 AM,86.3,158,13635.4,ASX,
10:00:10 AM,86.3,158,13635.4,ASX,
10:00:10 AM,86.3,158,13635.4,ASX,
10:00:10 AM,86.3,158,13635.4,ASX,
10:00:10 AM,86.3,158,13635.4,ASX,
10:00:10 AM,86.3,158,13635.4,ASX,
10:00:10 AM,86.3,158,13635.4,ASX,
10:00:10 AM,86.3,158,13635.4,ASX,
10:00:10 AM,86.3,158,13635.4,ASX,
10:00:10 AM,86.3,158,13635.4,ASX,
10:00:10 AM,86.3,158,13635.4,ASX,
10:00:10 AM,86.3,158,13635.4,ASX,
10:00:10 AM,86.3,158,13635.4,ASX,
10:00:10 AM,86.3,50,4315,ASX,
10:00:10 AM,86.3,340,29342,ASX,
10:00:10 AM,86.3,20,1726,ASX,
10:00:10 AM,86.3,34,2934.2,ASX,
10:00:10 AM,86.3,35,3020.5,ASX,
10:00:10 AM,86.3,650,56095,ASX,
10:00:10 AM,86.3,85,7335.5,ASX,
10:00:10 AM,86.3,160,13808,ASX,
10:00:10 AM,86.3,11,949.3,ASX,XT
10:00:10 AM,86.3,11,949.3,ASX,XT
10:00:10 AM,86.3,7,604.1,ASX,XT
10:00:10 AM,86.3,14,1208.2,ASX,
10:00:10 AM,86.3,6,517.8,ASX,XT
10:00:10 AM,86.3,5,431.5,ASX,
10:00:10 AM,86.3,58,5005.4,ASX,
10:00:10 AM,86.3,37,3193.1,ASX,
10:00:10 AM,86.3,9,776.7,ASX,
