Time,Price $,Volume,Value $,Market,Condition
4:10:40 PM,52,9,468,ASX,
3:53:00 PM,51.73,20,1034.6,ASX,
3:52:40 PM,51.73,48,2483.04,ASX,
3:52:40 PM,51.73,917,47436.41,ASX,
3:52:09 PM,51.73,82,4241.86,ASX,
3:49:22 PM,51.57,3500,180495,CXA,
3:49:06 PM,51.63,1,51.63,ASX,
3:48:28 PM,51.57,1014,52291.98,ASX,
3:48:21 PM,51.6,167,8617.2,ASX,
3:48:21 PM,51.6,133,6862.8,ASX,
3:47:55 PM,51.63,55,2839.65,CXA,
3:47:55 PM,51.63,20,1032.6,CXA,
3:46:58 PM,51.57,200,10314,ASX,
3:44:37 PM,51.62,31,1600.22,CXA,
3:43:38 PM,51.56,20,1031.2,CXA,
3:42:46 PM,51.48,389,20025.72,ASX,
3:42:30 PM,51.5,178,9167,ASX,
3:41:16 PM,51.48,145,7464.6,CXA,
3:41:01 PM,51.46,48,2470.08,ASX,
3:40:13 PM,51.43,347,17846.21,ASX,
3:40:13 PM,51.43,718,36926.74,ASX,
3:40:13 PM,51.43,100,5143,ASX,
3:39:12 PM,51.4,142,7298.8,ASX,
3:39:12 PM,51.4,402,20662.8,ASX,
3:39:12 PM,51.4,4,205.6,ASX,
3:39:12 PM,51.4,132,6784.8,ASX,
3:39:12 PM,51.4,88,4523.2,ASX,
3:38:52 PM,51.39,54,2775.06,ASX,
3:38:52 PM,51.39,100,5139,ASX,
3:38:40 PM,51.38,300,15414,ASX,
3:37:56 PM,51.41,100,5141,ASX,
3:36:24 PM,51.38,1,51.38,ASX,
3:36:09 PM,51.4,558,28681.2,ASX,
3:35:09 PM,51.42,107,5501.94,CXA,
3:32:37 PM,51.41,69,3547.29,ASX,
3:32:37 PM,51.41,489,25139.49,ASX,
3:32:37 PM,51.42,123,6324.66,CXA,
3:32:22 PM,51.37,694,35650.78,CXA,
3:32:11 PM,51.37,2000,102740,CXA,
3:32:10 PM,51.37,977,50188.49,CXA,
3:32:05 PM,51.36,62,3184.32,ASX,
3:32:05 PM,51.36,31,1592.16,ASX,
3:32:05 PM,51.36,320,16435.2,ASX,
3:32:05 PM,51.36,73,3749.28,ASX,
3:31:51 PM,51.36,87,4468.32,ASX,
3:29:49 PM,51.31,194,9954.14,ASX,
3:29:39 PM,51.31,194,9954.14,ASX,
3:28:01 PM,51.34,1,51.34,ASX,
3:26:47 PM,51.36,968,49716.48,ASX,
3:25:15 PM,51.34,200,10268,ASX,
3:25:11 PM,51.31,35,1795.85,ASX,
3:25:11 PM,51.31,58,2975.98,ASX,
3:25:11 PM,51.31,43,2206.33,ASX,
3:25:11 PM,51.31,27,1385.37,ASX,
3:25:11 PM,51.31,180,9235.8,ASX,
3:20:07 PM,51.24,500,25620,ASX,
3:18:28 PM,51.2,135,6912,ASX,
3:17:36 PM,51.21,194,9934.74,CXA,
3:17:14 PM,51.21,172,8808.12,ASX,
3:17:07 PM,51.21,50,2560.5,CXA,
3:17:01 PM,51.21,587,30060.27,CXA,
3:15:35 PM,51.27,117,5998.59,ASX,
3:15:31 PM,51.24,1,51.24,ASX,
3:15:31 PM,51.25,367,18808.75,ASX,
3:15:31 PM,51.25,633,32441.25,ASX,
3:15:05 PM,51.29,244,12514.76,CXA,
3:14:56 PM,51.27,389,19944.03,CXA,
3:13:59 PM,51.26,100,5126,ASX,
3:13:24 PM,51.15,1004,51354.6,ASX,
3:13:06 PM,51.15,95,4859.25,ASX,XT
3:12:51 PM,51.15,73,3733.95,ASX,
3:12:50 PM,51.15,1600,81840,ASX,
3:12:50 PM,51.15,58,2966.7,ASX,
3:12:50 PM,51.15,670,34270.5,ASX,
3:11:48 PM,51.17,487,24919.79,ASX,
3:11:27 PM,51.16,291,14887.56,ASX,
3:11:21 PM,51.16,20,1023.2,ASX,
3:11:17 PM,51.1,165,8431.5,CXA,
3:11:11 PM,51.15,200,10230,CXA,
3:10:59 PM,51.18,20,1023.6,CXA,
3:09:52 PM,51.2,12,614.4,CXA,
3:09:52 PM,51.19,390,19964.1,ASX,
3:06:11 PM,51.22,100,5122,ASX,
3:02:26 PM,51.18,195,9980.1,ASX,
3:01:18 PM,51.13,50,2556.5,ASX,
3:01:18 PM,51.14,1,51.14,ASX,
3:00:46 PM,51.14,1560,79778.4,CXA,
3:00:34 PM,51.18,194,9928.92,ASX,
3:00:12 PM,51.23,10,512.3,CXA,
2:58:55 PM,51.26,200,10252,ASX,
2:58:51 PM,51.26,195,9995.7,ASX,
2:57:20 PM,51.18,63,3224.34,ASX,
2:57:20 PM,51.18,487,24924.66,ASX,
2:57:11 PM,51.23,1000,51230,CXA,
2:56:37 PM,51.2,23,1177.6,ASX,
2:53:54 PM,51.23,1600,81968,CXA,
2:53:46 PM,51.2,200,10240,ASX,
2:53:20 PM,51.26,450,23067,CXA,
2:53:20 PM,51.26,9,461.34,CXA,
2:52:49 PM,51.26,100,5126,CXA,
2:52:47 PM,51.26,390,19991.4,CXA,
2:51:39 PM,51.26,32,1640.32,ASX,
2:51:33 PM,51.26,1000,51260,ASX,
2:51:32 PM,51.26,38,1947.88,ASX,
2:47:51 PM,51.27,780,39990.6,CXA,
2:47:40 PM,51.23,225,11526.75,ASX,
2:46:50 PM,51.27,780,39990.6,CXA,
2:46:46 PM,51.27,1460,74854.2,ASX,
2:46:31 PM,51.27,780,39990.6,CXA,
2:45:06 PM,51.27,40,2050.8,ASX,
2:42:21 PM,51.24,500,25620,CXA,
2:41:51 PM,51.2,62,3174.4,ASX,
2:41:51 PM,51.21,384,19664.64,ASX,
2:41:51 PM,51.22,1,51.22,ASX,
2:41:36 PM,51.24,300,15372,CXA,
2:37:44 PM,51.17,30,1535.1,CXA,
2:36:40 PM,51.15,779,39845.85,ASX,
2:34:04 PM,51.1,78,3985.8,ASX,
2:31:57 PM,51.15,97,4961.55,ASX,
2:30:38 PM,51.18,371,18987.78,CXA,
2:30:00 PM,51.23,346,17725.58,ASX,
2:30:00 PM,51.23,100,5123,ASX,
2:28:03 PM,51.22,200,10244,CXA,
2:26:06 PM,51.26,2,102.52,ASX,
2:26:03 PM,51.26,747,38291.22,ASX,
2:23:08 PM,51.25,38,1947.5,ASX,
2:21:00 PM,51.26,100,5126,CXA,
2:20:49 PM,51.24,390,19983.6,ASX,
2:18:50 PM,51.2,200,10240,ASX,
2:18:23 PM,51.23,200,10246,ASX,
2:16:16 PM,51.27,50,2563.5,CXA,
2:16:03 PM,51.27,200,10254,CXA,
2:16:01 PM,51.25,975,49968.75,ASX,
2:16:01 PM,51.25,18,922.5,ASX,
2:15:13 PM,51.3,38,1949.4,CXA,
2:12:13 PM,51.22,757,38773.54,ASX,
2:09:51 PM,51.27,19,974.13,CXA,
2:08:52 PM,51.23,390,19979.7,CXA,
2:08:29 PM,51.25,389,19936.25,CXA,
2:07:03 PM,51.28,380,19486.4,ASX,
2:03:37 PM,51.23,39,1997.97,ASX,
2:03:36 PM,51.24,1,51.24,ASX,
2:03:27 PM,51.28,25,1282,CXA,
2:03:18 PM,51.29,400,20516,CXA,
2:01:29 PM,51.36,1000,51360,ASX,
2:00:43 PM,51.35,218,11194.3,CXA,
1:59:29 PM,51.44,6,308.64,CXA,
1:59:18 PM,51.39,70,3597.3,ASX,
1:58:26 PM,51.38,100,5138,ASX,
1:56:18 PM,51.39,1,51.39,ASX,
1:54:26 PM,51.31,585,30016.35,CXA,
1:53:34 PM,51.31,13,667.03,ASX,
1:52:38 PM,51.27,22,1127.94,ASX,
1:50:33 PM,51.17,1159,59306.03,ASX,
1:50:33 PM,51.17,131,6703.27,ASX,
1:50:33 PM,51.17,217,11103.89,ASX,
1:50:08 PM,51.12,300,15336,ASX,
1:47:27 PM,51.16,50,2558,CXA,
1:45:34 PM,51.13,229,11708.77,ASX,
1:45:22 PM,51.13,55,2812.15,CXA,
1:45:16 PM,51.11,500,25555,CXA,
1:45:05 PM,51.1,300,15330,ASX,
1:44:53 PM,51.15,300,15345,CXA,
1:44:52 PM,51.14,100,5114,ASX,
1:42:06 PM,51.16,19509,998080.44,CXA,
1:41:49 PM,51.16,40,2046.4,ASX,
1:41:17 PM,51.17,1,51.17,ASX,
1:40:12 PM,51.19,17,870.23,ASX,
1:40:12 PM,51.19,1600,81904,ASX,
1:40:12 PM,51.19,200,10238,CXA,
1:39:24 PM,51.16,200,10232,ASX,
1:38:35 PM,51.22,349,17875.78,ASX,
1:37:09 PM,51.17,462,23640.54,ASX,
1:36:42 PM,51.21,1931,98886.51,ASX,
1:36:21 PM,51.21,1000,51210,CXA,
1:34:53 PM,51.18,50,2559,CXA,
1:34:32 PM,51.26,98,5023.48,ASX,
1:34:22 PM,51.18,300,15354,ASX,
1:33:38 PM,51.31,200,10262,CXA,
1:33:35 PM,51.33,20,1026.6,ASX,
1:33:19 PM,51.38,500,25690,CXA,
1:33:03 PM,51.38,63,3236.94,ASX,
1:32:42 PM,51.38,49,2517.62,ASX,
1:30:43 PM,51.18,162,8291.16,ASX,
1:30:43 PM,51.18,336,17196.48,ASX,
1:29:51 PM,51.32,50,2566,ASX,
1:29:09 PM,51.25,1000,51250,ASX,
1:27:47 PM,51.18,100,5118,CXA,
1:26:44 PM,51.07,200,10214,CXA,
1:26:42 PM,51.06,1,51.06,ASX,
1:21:01 PM,50.93,40,2037.2,CXA,
1:20:59 PM,50.93,10,509.3,CXA,
1:20:36 PM,50.86,500,25430,CXA,
1:13:53 PM,50.87,400,20348,CXA,
1:13:10 PM,50.89,200,10178,ASX,
1:10:34 PM,50.89,242,12315.38,ASX,
1:09:22 PM,50.93,122,6213.46,ASX,
1:09:15 PM,50.98,1000,50980,ASX,
1:07:43 PM,50.93,420,21390.6,ASX,
1:07:43 PM,50.93,715,36414.95,ASX,
1:07:43 PM,50.93,1,50.93,ASX,
1:07:41 PM,50.98,890,45372.2,CXA,
1:07:41 PM,50.98,110,5607.8,CXA,
1:06:56 PM,50.96,265,13504.4,ASX,
1:06:56 PM,50.96,715,36436.4,ASX,
1:06:52 PM,51,100,5100,CXA,
1:06:40 PM,51,10,510,CXA,
1:05:50 PM,50.96,150,7644,ASX,
1:05:07 PM,50.99,48,2447.52,ASX,
1:05:01 PM,50.99,100,5099,CXA,
1:03:48 PM,50.95,10,509.5,CXA,
1:02:29 PM,51.08,200,10216,ASX,
1:02:13 PM,51.13,5,255.65,ASX,
1:01:53 PM,51,601,30651,ASX,
1:01:52 PM,51,99,5049,ASX,
1:01:42 PM,51,100,5100,ASX,
1:00:50 PM,50.83,30,1524.9,CXA,
12:58:42 PM,50.77,578,29345.06,ASX,
12:58:37 PM,50.8,1,50.8,ASX,
12:58:37 PM,50.8,100,5080,ASX,
12:58:28 PM,50.85,3000,152550,CXA,
12:58:22 PM,50.85,10,508.5,ASX,
12:57:46 PM,50.82,250,12705,ASX,
12:57:40 PM,50.89,58,2951.62,CXA,
12:57:03 PM,50.9,100,5090,ASX,
12:56:49 PM,50.92,100,5092,ASX,
12:56:28 PM,50.97,39,1987.83,CXA,
12:56:20 PM,50.98,85,4333.3,ASX,
12:56:20 PM,50.98,100,5098,ASX,
12:56:07 PM,50.99,48,2447.52,CXA,
12:55:58 PM,51,25,1275,CXA,
12:55:35 PM,50.93,34,1731.62,ASX,
12:53:24 PM,51.02,100,5102,ASX,
12:53:21 PM,51,300,15300,ASX,
12:52:25 PM,51.1,3900,199290,ASX,
12:50:25 PM,51.21,100,5121,CXA,
12:49:16 PM,51.15,250,12787.5,ASX,
12:49:06 PM,51.17,290,14839.3,CXA,
12:48:55 PM,51.17,500,25585,CXA,
12:48:21 PM,51.2,11,563.2,ASX,
12:48:08 PM,51.22,580,29707.6,ASX,
12:47:41 PM,51.3,585,30010.5,ASX,
12:47:39 PM,51.31,580,29759.8,ASX,
12:47:38 PM,51.33,1,51.33,ASX,
12:47:06 PM,51.4,194,9971.6,CXA,
12:46:35 PM,51.32,25,1283,CXA,
12:43:23 PM,51.33,500,25665,ASX,
12:43:12 PM,51.41,1,51.41,ASX,
12:42:58 PM,51.49,120,6178.8,CXA,
12:40:14 PM,51.35,200,10270,CXA,
12:40:13 PM,51.28,128,6563.84,CXA,
12:39:39 PM,51.36,400,20544,CXA,
12:38:54 PM,51.25,127,6508.75,CXA,
12:38:39 PM,51.3,335,17185.5,ASX,
12:38:39 PM,51.3,345,17698.5,ASX,
12:37:15 PM,51.27,995,51013.65,ASX,
12:36:56 PM,51.29,1349,69190.21,CXA,
12:33:41 PM,51.13,97,4959.61,ASX,
12:31:09 PM,50.9,1,50.9,ASX,
12:30:21 PM,50.96,100,5096,CXA,
12:30:00 PM,50.86,804,40891.44,CXA,
12:28:14 PM,50.85,3,152.55,ASX,
12:28:14 PM,50.85,297,15102.45,ASX,
12:27:12 PM,50.78,9,457.02,CXA,
12:27:03 PM,50.79,100,5079,CXA,
12:26:31 PM,50.81,735,37345.35,ASX,
12:26:31 PM,50.8,79,4013.2,ASX,
12:26:31 PM,50.8,86,4368.8,ASX,
12:26:31 PM,50.79,100,5079,ASX,
12:26:15 PM,50.78,985,50018.3,ASX,
12:25:50 PM,50.73,4000,202920,ASX,
12:25:50 PM,50.73,4000,202920,ASX,
12:25:50 PM,50.73,949,48142.77,CXA,
12:25:50 PM,50.73,8465,429429.45,CXA,
12:25:22 PM,50.69,250,12672.5,ASX,
12:24:42 PM,50.66,1875,94987.5,CXA,
12:23:16 PM,50.52,122,6163.44,CXA,
12:22:39 PM,50.52,30,1515.6,CXA,
12:22:35 PM,50.5,19,959.5,ASX,
12:21:56 PM,50.45,50,2522.5,ASX,
12:21:56 PM,50.45,261,13167.45,ASX,
12:21:56 PM,50.45,100,5045,ASX,
12:21:52 PM,50.48,100,5048,ASX,
12:21:52 PM,50.48,61,3079.28,ASX,
12:21:34 PM,50.52,39,1970.28,ASX,
12:20:31 PM,50.45,2000,100900,ASX,
12:20:13 PM,50.45,1543,77844.35,ASX,
12:20:13 PM,50.45,99,4994.55,ASX,
12:20:13 PM,50.45,76,3834.2,ASX,
12:20:13 PM,50.45,69,3481.05,ASX,
12:20:13 PM,50.45,198,9989.1,ASX,
12:19:25 PM,50.4,100,5040,ASX,
12:17:48 PM,50.38,10,503.8,CXA,
12:17:21 PM,50.38,1012,50984.56,CXA,
12:17:15 PM,50.41,59,2974.19,ASX,
12:16:31 PM,50.33,243,12230.19,CXA,
12:15:48 PM,50.34,198,9967.32,ASX,
12:14:41 PM,50.26,570,28648.2,CXA,
12:14:27 PM,50.21,26,1305.46,ASX,
12:13:53 PM,50.26,1,50.26,ASX,
12:13:18 PM,50.31,298,14992.38,CXA,
12:13:09 PM,50.3,195,9808.5,CXA,
12:11:24 PM,50.31,40,2012.4,CXA,
12:11:10 PM,50.27,150,7540.5,CXA,
12:08:12 PM,50.3,52,2615.6,CXA,
12:06:43 PM,50.38,19,957.22,ASX,
12:06:43 PM,50.38,63,3173.94,ASX,
12:06:43 PM,50.38,18,906.84,ASX,
12:06:36 PM,50.39,774,39001.86,CXA,
12:03:44 PM,50.34,10,503.4,ASX,
12:02:45 PM,50.34,1,50.34,ASX,
12:02:39 PM,50.38,550,27709,CXA,
12:02:37 PM,50.38,171,8614.98,ASX,
12:01:05 PM,50.31,172,8653.32,ASX,
12:01:05 PM,50.31,348,17507.88,ASX,
11:59:44 AM,50.21,27,1355.67,ASX,
11:57:12 AM,50.16,40,2006.4,ASX,
11:56:15 AM,50.15,250,12537.5,CXA,
11:54:46 AM,50.1,300,15030,ASX,
11:53:42 AM,50.27,217,10908.59,ASX,
11:51:28 AM,50.11,208,10422.88,ASX,
11:51:27 AM,50.11,600,30066,ASX,
11:51:25 AM,50.13,2,100.26,ASX,
11:51:15 AM,50.16,100,5016,ASX,
11:51:13 AM,50.16,398,19963.68,CXA,
11:48:41 AM,50,1000,50000,CXA,
11:48:02 AM,50.09,10,500.9,CXA,
11:47:08 AM,50.02,2000,100040,CXA,
11:46:42 AM,50.01,99,4950.99,ASX,
11:46:42 AM,49.96,232,11590.72,CXA,
11:46:18 AM,49.96,250,12490,CXA,
11:45:24 AM,49.96,22,1099.12,ASX,
11:42:06 AM,49.95,400,19980,ASX,
11:41:51 AM,50,1400,70000,ASX,
11:41:20 AM,50.02,80,4001.6,CXA,
11:40:54 AM,50.04,500,25020,ASX,
11:40:08 AM,50.02,500,25010,CXA,
11:40:05 AM,50.06,1,50.06,ASX,
11:40:02 AM,50.07,53,2653.71,CXA,
11:39:44 AM,50.11,23,1152.53,CXA,
11:39:44 AM,50.1,262,13126.2,CXA,
11:38:18 AM,50.01,100,5001,CXA,
11:38:07 AM,50,200,10000,ASX,
11:37:46 AM,50.02,10,500.2,CXA,
11:37:42 AM,50.02,2000,100040,CXA,
11:37:21 AM,50.06,200,10012,ASX,
11:37:21 AM,50.06,100,5006,ASX,
11:36:25 AM,50.02,7408,370548.16,CXA,
11:36:25 AM,50.02,2679,134003.58,CXA,
11:36:23 AM,50.06,400,20024,ASX,
11:36:23 AM,50.06,100,5006,ASX,
11:35:20 AM,50.07,398,19927.86,CXA,
11:34:49 AM,50.11,19,952.09,CXA,
11:34:49 AM,50.11,381,19091.91,CXA,
11:34:43 AM,50.05,104,5205.2,CXA,
11:34:29 AM,50.05,2000,100100,ASX,
11:34:29 AM,50.05,1176,58858.8,CXA,
11:34:29 AM,50.05,912,45645.6,CXA,
11:34:29 AM,50.05,1516,75875.8,CXA,
11:33:10 AM,49.97,1181,59014.57,ASX,
11:33:10 AM,49.99,1834,91681.66,CXA,
11:33:10 AM,49.99,448,22395.52,CXA,
11:33:10 AM,49.99,730,36492.7,CXA,
11:33:10 AM,50,100,5000,ASX,
11:33:10 AM,50,200,10000,ASX,
11:33:10 AM,50,200,10000,ASX,
11:33:10 AM,50,100,5000,ASX,
11:32:30 AM,50.03,61,3051.83,ASX,
11:32:30 AM,50.03,500,25015,CXA,
11:32:07 AM,50.11,73,3658.03,ASX,
11:32:07 AM,50.11,525,26307.75,ASX,
11:31:27 AM,50.13,99,4962.87,CXA,
11:28:57 AM,50.21,146,7330.66,ASX,
11:28:45 AM,50.21,1000,50210,ASX,
11:28:42 AM,50.16,29,1454.64,ASX,
11:28:40 AM,50.17,2,100.34,ASX,
11:28:18 AM,50.24,398,19995.52,ASX,
11:27:33 AM,50.21,350,17573.5,ASX,
11:25:15 AM,50.19,20,1003.8,CXA,
11:25:08 AM,50.2,107,5371.4,CXA,
11:23:28 AM,50.34,52,2617.68,ASX,
11:23:03 AM,50.29,10,502.9,CXA,
11:22:20 AM,50.16,300,15048,CXA,
11:20:34 AM,50.2,400,20080,CXA,
11:19:48 AM,50.2,335,16817,CXA,
11:18:41 AM,50.12,4400,220528,CXA,
11:18:09 AM,50.09,30,1502.7,CXA,
11:17:02 AM,50.09,1,50.09,ASX,
11:14:49 AM,50.01,1,50.01,ASX,
11:14:49 AM,50.01,2000,100020,ASX,
11:14:49 AM,50.01,145,7251.45,ASX,
11:14:49 AM,50.01,2122,106121.22,CXA,
11:14:49 AM,50.01,7167,358421.67,CXA,
11:14:47 AM,50.02,199,9953.98,CXA,
11:14:25 AM,50.03,404,20212.12,CXA,
11:14:25 AM,50.03,3496,174904.88,CXA,
11:14:25 AM,50.03,1304,65239.12,CXA,
11:14:25 AM,50.03,4085,204372.55,CXA,
11:13:25 AM,50.03,143,7154.29,ASX,
11:13:25 AM,50.03,3234,161797.02,ASX,
11:13:25 AM,50.03,76,3802.28,ASX,
11:13:25 AM,50.03,179,8955.37,ASX,
11:13:25 AM,50.03,380,19011.4,ASX,
11:13:21 AM,50.01,1600,80016,ASX,
11:13:21 AM,50.01,652,32606.52,CXA,
11:13:21 AM,50.01,1808,90418.08,CXA,
11:13:21 AM,50.01,2654,132726.54,CXA,
11:13:21 AM,50.01,1739,86967.39,CXA,
11:13:05 AM,50.04,2704,135308.16,CXA,
11:13:05 AM,50.04,5443,272367.72,CXA,
11:13:03 AM,50.05,11250,563062.5,ASX,
11:13:03 AM,50.05,1350,67567.5,CXA,
11:12:50 AM,50.01,1571,78565.71,CXA,
11:12:50 AM,50.01,6576,328865.76,CXA,
11:12:17 AM,49.99,100,4999,ASX,
11:12:17 AM,49.99,200,9998,ASX,
11:12:17 AM,49.99,100,4999,ASX,
11:12:17 AM,50,100,5000,ASX,
11:12:17 AM,50,1000,50000,ASX,
11:12:17 AM,50,100,5000,ASX,
11:12:17 AM,50,56,2800,ASX,
11:12:17 AM,50,100,5000,ASX,
11:12:17 AM,50,3291,164550,ASX,
11:12:09 AM,50,269,13450,ASX,
11:12:09 AM,50,440,22000,ASX,
11:12:08 AM,50.01,100,5001,ASX,
11:11:50 AM,50.05,1600,80080,ASX,
11:11:50 AM,50.05,2542,127227.1,CXA,
11:11:50 AM,50.05,4782,239339.1,CXA,
11:11:48 AM,50.07,2465,123422.55,CXA,
11:10:56 AM,50.31,150,7546.5,ASX,
11:10:21 AM,50.3,298,14989.4,ASX,
11:09:54 AM,50.57,200,10114,ASX,
11:09:36 AM,50.5,6000,303000,ASX,
11:09:36 AM,50.5,175,8837.5,CXA,
11:09:36 AM,50.5,6000,303000,CXA,
11:09:34 AM,50.48,198,9995.04,CXA,
11:09:06 AM,50.33,5825,293172.25,ASX,
11:09:06 AM,50.33,175,8807.75,ASX,
11:09:06 AM,50.33,6000,301980,CXA,
11:09:06 AM,50.08,87128,4363370.24,CXA,SP XT
11:09:00 AM,50.28,500,25140,CXA,
11:09:00 AM,50.28,500,25140,CXA,
11:08:49 AM,50.21,5322,267217.62,ASX,
11:08:49 AM,50.21,5322,267217.62,CXA,
11:08:47 AM,50.17,1009,50621.53,CXA,
11:08:47 AM,50.16,1412,70825.92,ASX,
11:08:47 AM,50.16,3266,163822.56,ASX,
11:08:43 AM,50.16,227,11386.32,ASX,
11:08:43 AM,50.15,2000,100300,ASX,
11:08:43 AM,50.15,1600,80240,ASX,
11:08:43 AM,50.15,4000,200600,ASX,
11:08:43 AM,50.15,2400,120360,ASX,
11:08:43 AM,50.15,2163,108474.45,CXA,
11:08:43 AM,50.15,2000,100300,CXA,
11:08:43 AM,50.15,1268,63590.2,CXA,
11:08:43 AM,50.15,3600,180540,CXA,
11:08:43 AM,50.15,969,48595.35,CXA,
11:08:13 AM,50.14,50,2507,CXA,
11:07:51 AM,50.11,100,5011,ASX,
11:07:51 AM,50.12,900,45108,CXA,
11:07:44 AM,50.11,100,5011,ASX,
11:07:35 AM,50.13,100,5013,ASX,
11:07:09 AM,50.16,4000,200640,ASX,
11:07:09 AM,50.16,2359,118327.44,ASX,
11:06:44 AM,50.19,2837,142389.03,CXA,
11:06:44 AM,50.19,2240,112425.6,CXA,
11:06:44 AM,50.19,5010,251451.9,CXA,
11:06:37 AM,50.17,1855,93065.35,ASX,
11:06:37 AM,50.17,100,5017,ASX,
11:06:35 AM,50.18,93,4666.74,ASX,
11:06:35 AM,50.18,2000,100360,ASX,
11:06:35 AM,50.18,87,4365.66,ASX,
11:06:35 AM,50.18,2393,120080.74,CXA,
11:06:35 AM,50.18,7607,381719.26,CXA,
11:06:35 AM,50.18,49,2458.82,ASX,
11:06:35 AM,50.18,2000,100360,ASX,
11:06:35 AM,50.18,161,8078.98,ASX,
11:06:35 AM,50.18,99,4967.82,ASX,
11:06:35 AM,50.18,79,3964.22,ASX,
11:06:12 AM,50.17,39,1956.63,ASX,
11:06:12 AM,50.17,582,29198.94,ASX,
11:06:11 AM,50.17,2214,111076.38,ASX,
11:06:11 AM,50.17,6980,350186.6,CXA,
11:06:11 AM,50.17,943,47310.31,CXA,
11:06:11 AM,50.17,2013,100992.21,CXA,
11:05:58 AM,50.2,41,2058.2,ASX,
11:05:54 AM,50.2,2,100.4,ASX,
11:05:50 AM,50.22,80,4017.6,ASX,
11:04:33 AM,50.21,19,953.99,CXA,
11:03:35 AM,50.2,25,1255,CXA,
11:02:25 AM,50.2,140,7028,ASX,
11:01:48 AM,50.23,10,502.3,CXA,
11:01:43 AM,50.2,50,2510,CXA,
11:01:41 AM,50.2,98,4919.6,CXA,
11:01:31 AM,50.2,11,552.2,ASX,
11:01:31 AM,50.2,140,7028,ASX,
11:00:27 AM,50.25,96,4824,CXA,
11:00:27 AM,50.24,500,25120,CXA,
11:00:02 AM,50.22,458,23000.76,ASX,
11:00:02 AM,50.22,63,3163.86,ASX,
11:00:02 AM,50.22,377,18932.94,ASX,
11:00:02 AM,50.22,17,853.74,ASX,
11:00:02 AM,50.22,46,2310.12,ASX,
11:00:02 AM,50.22,178,8939.16,ASX,
11:00:02 AM,50.22,99,4971.78,ASX,
11:00:02 AM,50.22,293,14714.46,ASX,
11:00:02 AM,50.22,1108,55643.76,ASX,
11:00:02 AM,50.22,9,451.98,ASX,
11:00:02 AM,50.22,293,14714.46,ASX,
10:59:18 AM,50.2,47,2359.4,ASX,
10:59:18 AM,50.2,28,1405.6,ASX,
10:59:18 AM,50.2,500,25100,CXA,
10:59:18 AM,50.21,500,25105,CXA,
10:59:18 AM,50.21,500,25105,CXA,
10:59:05 AM,50.27,38,1910.26,ASX,
10:57:31 AM,50.31,100,5031,ASX,
10:57:31 AM,50.32,150,7548,CXA,
10:57:13 AM,50.31,50,2515.5,ASX,
10:57:09 AM,50.33,197,9915.01,CXA,
10:56:54 AM,50.35,35,1762.25,CXA,
10:56:47 AM,50.35,85,4279.75,CXA,
10:56:47 AM,50.34,165,8306.1,CXA,
10:56:43 AM,50.34,40,2013.6,CXA,
10:55:32 AM,50.34,205,10319.7,CXA,
10:55:15 AM,50.34,2127,107073.18,ASX,
10:55:15 AM,50.34,2000,100680,ASX,
10:55:15 AM,50.34,1166,58696.44,ASX,
10:55:15 AM,50.34,1928,97055.52,ASX,
10:55:15 AM,50.34,4293,216109.62,ASX,
10:54:55 AM,50.4,300,15120,CXA,
10:54:40 AM,50.36,214,10777.04,CXA,
10:53:57 AM,50.36,500,25180,ASX,
10:53:31 AM,50.33,3,150.99,ASX,
10:53:27 AM,50.33,859,43233.47,CXA,
10:53:27 AM,50.33,1615,81282.95,CXA,
10:53:27 AM,50.33,1071,53903.43,CXA,
10:53:27 AM,50.33,4287,215764.71,CXA,
10:53:27 AM,50.33,1682,84655.06,CXA,
10:52:43 AM,50.35,214,10774.9,CXA,
10:51:17 AM,50.31,980,49303.8,CXA,
10:50:43 AM,50.37,198,9973.26,ASX,
10:50:25 AM,50.44,79,3984.76,ASX,
10:50:24 AM,50.44,31,1563.64,ASX,
10:50:01 AM,50.4,318,16027.2,ASX,
10:50:01 AM,50.4,19,957.6,ASX,
10:49:02 AM,50.4,152,7660.8,CXA,
10:48:25 AM,50.36,80,4028.8,ASX,
10:47:24 AM,50.34,4631,233124.54,ASX,
10:47:24 AM,50.34,924,46514.16,ASX,
10:45:53 AM,50.32,500,25160,CXA,
10:44:15 AM,50.15,256,12838.4,ASX,
10:44:15 AM,50.15,42,2106.3,ASX,
10:44:15 AM,50.15,75,3761.25,ASX,
10:44:15 AM,50.15,69,3460.35,ASX,
10:44:15 AM,50.15,131,6569.65,ASX,
10:44:15 AM,50.15,351,17602.65,ASX,
10:44:15 AM,50.15,87,4363.05,ASX,
10:44:15 AM,50.15,4000,200600,ASX,
10:44:15 AM,50.15,1172,58775.8,CXA,
10:44:15 AM,50.15,8828,442724.2,CXA,
10:43:54 AM,50.12,50,2506,CXA,
10:43:09 AM,50.08,1506,75420.48,ASX,
10:43:09 AM,50.07,2330,116663.1,CXA,
10:43:09 AM,50.08,38,1903.04,ASX,
10:43:09 AM,50.08,221,11067.68,ASX,
10:43:09 AM,50.08,352,17628.16,CXA,
10:43:09 AM,50.08,46,2303.68,ASX,
10:43:09 AM,50.08,719,36007.52,ASX,
10:43:09 AM,50.08,258,12920.64,CXA,
10:43:09 AM,50.08,2599,130157.92,CXA,
10:43:09 AM,50.1,7167,359066.7,ASX,
10:43:09 AM,50.1,796,39879.6,ASX,
10:43:09 AM,50.1,819,41031.9,ASX,
10:43:09 AM,50.1,798,39979.8,ASX,
10:43:09 AM,50.1,1670,83667,ASX,
10:43:09 AM,50.1,3,150.3,ASX,
10:43:08 AM,50.11,100,5011,ASX,
10:42:55 AM,50.12,200,10024,CXA,
10:42:18 AM,50.06,19,951.14,ASX,
10:42:18 AM,50.06,103,5156.18,ASX,
10:42:18 AM,50.06,747,37394.82,ASX,
10:42:18 AM,50.06,1600,80096,ASX,
10:42:18 AM,50.06,1164,58269.84,CXA,
10:42:18 AM,50.06,6031,301911.86,CXA,
10:42:05 AM,50.02,100,5002,ASX,
10:42:04 AM,50.03,74,3702.22,ASX,
10:42:04 AM,50.03,87,4352.61,CXA,
10:42:04 AM,50.02,74,3701.48,ASX,
10:42:02 AM,50,100,5000,ASX,
10:41:13 AM,50.03,996,49829.88,CXA,
10:40:26 AM,50,20,1000,ASX,
10:40:26 AM,50,500,25000,ASX,
10:40:04 AM,50.09,3000,150270,CXA,
10:40:02 AM,50.06,956,47857.36,CXA,
10:39:49 AM,50.12,100,5012,ASX,
10:39:49 AM,50.13,298,14938.74,CXA,
10:38:39 AM,50.13,19,952.47,ASX,
10:38:34 AM,50.12,1877,94075.24,CXA,
10:38:34 AM,50.12,1076,53929.12,CXA,
10:38:18 AM,50.14,97,4863.58,ASX,
10:38:18 AM,50.13,100,5013,ASX,
10:38:11 AM,50.11,3200,160352,ASX,
10:37:31 AM,50.18,990,49678.2,ASX,
10:37:12 AM,50.24,500,25120,ASX,
10:37:10 AM,50.23,400,20092,ASX,
10:36:20 AM,50.31,709,35669.79,ASX,
10:36:06 AM,50.29,99,4978.71,CXA,
10:35:41 AM,50.21,333,16719.93,ASX,
10:35:41 AM,50.21,106,5322.26,ASX,
10:35:35 AM,50.25,199,9999.75,ASX,
10:35:14 AM,50.26,2405,120875.3,CXA,
10:35:14 AM,50.26,7377,370768.02,CXA,
10:35:03 AM,50.35,500,25175,ASX,
10:34:55 AM,50.37,40,2014.8,CXA,
10:34:47 AM,50.29,305,15338.45,ASX,
10:34:28 AM,50.43,150,7564.5,CXA,
10:34:12 AM,50.38,300,15114,ASX,
10:34:09 AM,50.42,2000,100840,ASX,
10:34:04 AM,50.48,100,5048,CXA,
10:33:57 AM,50.5,50,2525,CXA,
10:33:31 AM,50.5,300,15150,ASX,
10:33:18 AM,50.49,19,959.31,CXA,
10:32:48 AM,50.57,197,9962.29,CXA,
10:32:28 AM,50.53,436,22031.08,CXA,
10:32:21 AM,50.51,5,252.55,ASX,
10:32:06 AM,50.57,3000,151710,ASX,
10:31:54 AM,50.55,59,2982.45,CXA,
10:31:20 AM,50.47,94,4744.18,ASX,
10:31:14 AM,50.47,100,5047,ASX,
10:31:14 AM,50.48,370,18677.6,CXA,
10:31:06 AM,50.47,50,2523.5,CXA,
10:30:33 AM,50.38,20,1007.6,ASX,
10:30:25 AM,50.37,3000,151110,CXA,
10:30:14 AM,50.38,40,2015.2,CXA,
10:29:16 AM,50.33,113,5687.29,ASX,
10:29:13 AM,50.33,100,5033,CXA,
10:28:55 AM,50.33,100,5033,ASX,
10:28:36 AM,50.25,20,1005,CXA,
10:27:54 AM,50.14,169,8473.66,CXA,
10:27:29 AM,50.22,150,7533,CXA,
10:25:35 AM,49.78,50,2489,CXA,
10:25:31 AM,49.69,593,29466.17,ASX,
10:23:08 AM,49.32,293,14450.76,ASX,
10:23:06 AM,49.29,4000,197160,ASX,
10:23:06 AM,49.29,2000,98580,ASX,
10:22:45 AM,49.23,200,9846,CXA,
10:22:34 AM,49.21,3204,157668.84,CXA,
10:22:13 AM,49.17,400,19668,CXA,
10:22:13 AM,49.16,100,4916,ASX,
10:22:12 AM,49.14,9,442.26,ASX,
10:21:03 AM,49.14,100,4914,CXA,
10:21:03 AM,49.11,260,12768.6,ASX,
10:21:03 AM,49.11,100,4911,ASX,
10:20:56 AM,49.16,100,4916,ASX,
10:20:56 AM,49.16,100,4916,ASX,
10:20:49 AM,49.11,25,1227.75,ASX,
10:20:49 AM,49.11,10,491.1,CXA,
10:20:39 AM,49.1,400,19640,ASX,
10:20:39 AM,49.11,3,147.33,ASX,
10:20:39 AM,49.11,3,147.33,ASX,
10:20:39 AM,49.11,641,31479.51,ASX,
10:20:39 AM,49.11,80,3928.8,ASX,
10:20:38 AM,49.11,305,14978.55,CXA,
10:20:38 AM,49.11,5,245.55,CXA,
10:20:38 AM,49.11,436,21411.96,CXA,
10:20:30 AM,49.12,71,3487.52,ASX,
10:20:28 AM,49.13,78,3832.14,ASX,
10:20:28 AM,49.13,33,1621.29,CXA,
10:20:23 AM,49.14,100,4914,ASX,
10:20:22 AM,49.13,21,1031.73,CXA,
10:20:22 AM,49.13,47,2309.11,CXA,
10:20:15 AM,49.15,300,14745,ASX,
10:19:59 AM,49.15,20,983,CXA,
10:19:53 AM,49.14,265,13022.1,CXA,
10:19:52 AM,49.11,41,2013.51,ASX,
10:18:55 AM,49.02,55,2696.1,ASX,
10:18:55 AM,49.02,23,1127.46,CXA,
10:18:45 AM,49.04,1,49.04,ASX,
10:18:34 AM,49.02,16,784.32,ASX,
10:18:23 AM,49,215,10535,ASX,
10:18:23 AM,49,100,4900,ASX,
10:18:22 AM,49,205,10045,CXA,
10:18:18 AM,49,500,24500,ASX,
10:18:17 AM,48.99,60,2939.4,CXA,
10:18:09 AM,49,22,1078,ASX,
10:17:55 AM,48.93,50,2446.5,ASX,
10:17:42 AM,48.92,24,1174.08,ASX,
10:17:25 AM,48.87,576,28149.12,ASX,
10:17:25 AM,48.87,1310,64019.7,ASX,
10:17:25 AM,48.87,572,27953.64,ASX,
10:17:25 AM,48.87,244,11924.28,CXA,
10:17:25 AM,48.87,1600,78192,CXA,
10:17:24 AM,48.87,3422,167233.14,ASX,
10:17:24 AM,48.85,100,4885,ASX,
10:17:24 AM,48.86,2000,97720,CXA,
10:17:24 AM,48.86,6400,312704,CXA,
10:16:35 AM,48.78,419,20438.82,ASX,
10:16:35 AM,48.77,880,42917.6,ASX,
10:16:35 AM,48.77,107,5218.39,ASX,
10:16:32 AM,48.76,618,30133.68,CXA,
10:16:32 AM,48.76,358,17456.08,CXA,
10:16:32 AM,48.76,1313,64021.88,ASX,
10:16:32 AM,48.76,2000,97520,ASX,
10:16:30 AM,48.76,4919,239850.44,ASX,
10:16:24 AM,48.73,184,8966.32,ASX,
10:16:24 AM,48.73,208,10135.84,ASX,
10:16:24 AM,48.73,100,4873,ASX,
10:16:23 AM,48.72,476,23190.72,ASX,
10:16:22 AM,48.74,375,18277.5,ASX,
10:16:22 AM,48.74,160,7798.4,CXA,
10:16:05 AM,48.74,296,14427.04,ASX,
10:16:05 AM,48.74,5,243.7,ASX,
10:16:04 AM,48.74,100,4874,ASX,
10:16:00 AM,48.72,413,20121.36,ASX,
10:16:00 AM,48.72,100,4872,ASX,
10:15:58 AM,48.7,151,7353.7,ASX,
10:15:58 AM,48.7,228,11103.6,ASX,
10:15:58 AM,48.7,841,40956.7,ASX,
10:15:53 AM,48.7,233,11347.1,ASX,
10:15:53 AM,48.7,100,4870,ASX,
10:15:53 AM,48.69,322,15678.18,ASX,
10:15:53 AM,48.7,1360,66232,ASX,
10:15:53 AM,48.69,137,6670.53,CXA,
10:15:48 AM,48.7,120,5844,CXA,
10:15:36 AM,48.67,100,4867,ASX,
10:15:27 AM,48.66,108,5255.28,ASX,
10:15:27 AM,48.66,45,2189.7,CXA,
10:15:27 AM,48.67,30,1460.1,ASX,
10:15:23 AM,48.67,300,14601,ASX,
10:15:11 AM,48.69,1,48.69,ASX,
10:15:08 AM,48.7,100,4870,ASX,
10:15:08 AM,48.7,80,3896,ASX,
10:15:08 AM,48.7,16,779.2,ASX,
10:15:08 AM,48.7,100,4870,ASX,
10:15:05 AM,48.7,451,21963.7,ASX,
10:15:04 AM,48.7,500,24350,CXA,
10:15:03 AM,48.69,5,243.45,ASX,
10:15:02 AM,48.69,17,827.73,ASX,
10:14:49 AM,48.72,400,19488,ASX,
10:14:49 AM,48.72,100,4872,ASX,
10:14:27 AM,48.71,100,4871,ASX,
10:14:12 AM,48.69,526,25610.94,ASX,
10:14:08 AM,48.68,728,35439.04,CXA,
10:14:08 AM,48.68,1729,84167.72,CXA,
10:13:55 AM,48.68,200,9736,ASX,
10:13:51 AM,48.7,2,97.4,ASX,
10:13:16 AM,48.73,100,4873,ASX,
10:13:12 AM,48.72,300,14616,ASX,
10:13:03 AM,48.7,6,292.2,ASX,
10:12:20 AM,48.69,358,17431.02,CXA,
10:12:10 AM,48.7,301,14658.7,ASX,
10:12:10 AM,48.7,129,6282.3,CXA,
10:12:07 AM,48.72,557,27137.04,ASX,
10:12:05 AM,48.7,898,43732.6,ASX,
10:12:05 AM,48.7,86,4188.2,ASX,
10:12:05 AM,48.7,151,7353.7,ASX,
10:12:05 AM,48.7,268,13051.6,ASX,
10:12:04 AM,48.68,1498,72922.64,ASX,
10:12:00 AM,48.66,100,4866,ASX,
10:11:41 AM,48.65,437,21260.05,ASX,
10:11:40 AM,48.64,43,2091.52,ASX,
10:11:40 AM,48.64,89,4328.96,ASX,
10:11:40 AM,48.64,144,7004.16,ASX,
10:11:40 AM,48.64,56,2723.84,ASX,
10:11:40 AM,48.64,24,1167.36,ASX,
10:11:40 AM,48.64,61,2967.04,ASX,
10:11:40 AM,48.64,148,7198.72,ASX,
10:11:40 AM,48.64,459,22325.76,ASX,
10:11:21 AM,48.65,455,22135.75,ASX,
10:11:21 AM,48.65,1000,48650,CXA,
10:11:18 AM,48.65,1092,53125.8,ASX,
10:11:18 AM,48.65,2044,99440.6,ASX,
10:11:14 AM,48.68,578,28137.04,ASX,
10:11:12 AM,48.72,422,20559.84,ASX,
10:11:10 AM,48.62,16,777.92,CXA,
10:11:08 AM,48.64,1000,48640,ASX,
10:11:07 AM,48.67,34,1654.78,CXA,
10:11:04 AM,48.7,1,48.7,CXA,
10:11:03 AM,48.72,332,16175.04,ASX,
10:10:57 AM,48.6,1000,48600,ASX,
10:10:57 AM,48.6,1000,48600,CXA,
10:10:43 AM,48.65,24,1167.6,ASX,
10:10:33 AM,48.63,122,5932.86,ASX,
10:10:31 AM,48.63,389,18917.07,ASX,
10:10:31 AM,48.63,115,5592.45,ASX,
10:10:31 AM,48.63,166,8072.58,CXA,
10:10:31 AM,48.63,49,2382.87,CXA,
10:10:27 AM,48.64,308,14981.12,ASX,
10:10:27 AM,48.64,77,3745.28,ASX,
10:10:27 AM,48.64,1523,74078.72,ASX,
10:10:27 AM,48.64,164,7976.96,CXA,
10:10:24 AM,48.64,76,3696.64,ASX,
10:10:24 AM,48.64,122,5934.08,ASX,
10:10:24 AM,48.64,234,11381.76,CXA,
10:10:24 AM,48.75,715,34856.25,ASX,
10:10:19 AM,48.67,1000,48670,ASX,
10:10:19 AM,48.67,1000,48670,CXA,
10:10:06 AM,48.71,93,4530.03,CXA,
10:09:52 AM,48.73,244,11890.12,ASX,
10:09:52 AM,48.73,264,12864.72,CXA,
10:09:51 AM,48.75,756,36855,ASX,
10:09:51 AM,48.75,20,975,CXA,
10:09:47 AM,48.65,1000,48650,ASX,
10:09:47 AM,48.61,1940,94303.4,ASX,
10:09:20 AM,48.66,474,23064.84,ASX,
10:09:18 AM,48.65,310,15081.5,ASX,
10:09:18 AM,48.6,2564,124610.4,ASX,
10:09:16 AM,48.59,6940,337214.6,ASX,
10:09:02 AM,48.65,100,4865,ASX,
10:08:06 AM,48.57,651,31619.07,ASX,
10:08:04 AM,48.57,50,2428.5,ASX,
10:07:50 AM,48.55,12,582.6,ASX,
10:07:50 AM,48.52,188,9121.76,CXA,
10:07:20 AM,48.57,49,2379.93,ASX,
10:07:18 AM,48.62,244,11863.28,CXA,
10:07:09 AM,48.57,142,6896.94,ASX,
10:07:09 AM,48.57,17,825.69,ASX,
10:07:09 AM,48.57,95,4614.15,ASX,
10:07:09 AM,48.57,67,3254.19,ASX,
10:07:09 AM,48.57,1000,48570,ASX,
10:07:09 AM,48.57,603,29287.71,ASX,
10:07:07 AM,48.57,597,28996.29,ASX,
10:07:04 AM,48.58,1000,48580,CXA,
10:06:21 AM,48.55,40,1942,ASX,
10:06:00 AM,48.57,300,14571,CXA,
10:05:36 AM,48.57,40,1942.8,CXA,
10:05:07 AM,48.51,442,21441.42,ASX,
10:05:02 AM,48.51,500,24255,ASX,
10:05:00 AM,48.53,200,9706,ASX,
10:04:49 AM,48.55,893,43355.15,ASX,
10:04:49 AM,48.56,200,9712,ASX,
10:04:49 AM,48.56,400,19424,ASX,
10:04:49 AM,48.56,600,29136,CXA,
10:04:40 AM,48.61,300,14583,ASX,
10:04:22 AM,48.59,200,9718,ASX,
10:04:03 AM,48.57,195,9471.15,ASX,
10:04:02 AM,48.6,5,243,ASX,
10:03:34 AM,48.54,200,9708,CXA,
10:03:20 AM,48.67,124,6035.08,ASX,
10:03:13 AM,48.7,103,5016.1,ASX,
10:03:13 AM,48.7,346,16850.2,ASX,
10:03:12 AM,48.7,426,20746.2,ASX,
10:02:15 AM,48.76,410,19991.6,ASX,
10:02:05 AM,48.7,30,1461,ASX,
10:01:46 AM,48.7,100,4870,ASX,
10:01:28 AM,48.6,37,1798.2,CXA,
10:01:18 AM,48.59,12,583.08,ASX,
10:00:55 AM,48.7,900,43830,ASX,
10:00:55 AM,48.69,100,4869,ASX,
10:00:55 AM,48.7,1000,48700,CXA,
10:00:52 AM,48.61,1279,62172.19,ASX,
10:00:52 AM,48.61,600,29166,ASX,
10:00:52 AM,48.61,121,5881.81,CXA,
10:00:46 AM,48.62,100,4862,ASX,XT
10:00:46 AM,48.6,479,23279.4,CXA,
10:00:26 AM,48.76,250,12190,CXA,
10:00:26 AM,48.76,138,6728.88,ASX,
10:00:15 AM,48.8,81,3952.8,ASX,
10:00:12 AM,48.99,102,4996.98,ASX,
10:00:12 AM,49,306,14994,ASX,
10:00:12 AM,49,300,14700,ASX,
10:00:11 AM,48.93,30,1467.9,CXA,
10:00:11 AM,49.11,100,4911,ASX,
10:00:11 AM,49.11,100,4911,ASX,
10:00:11 AM,49.23,1000,49230,ASX,
10:00:11 AM,49.3,21,1035.3,ASX,
10:00:11 AM,49.5,200,9900,ASX,
10:00:11 AM,49.8,250,12450,ASX,
10:00:11 AM,50,80,4000,ASX,
10:00:11 AM,50,999,49950,ASX,
10:00:11 AM,50,10,500,ASX,
10:00:11 AM,50,1000,50000,ASX,
10:00:11 AM,50,10,500,ASX,
10:00:11 AM,50,10,500,ASX,
10:00:11 AM,50,250,12500,ASX,
10:00:11 AM,50,400,20000,ASX,
10:00:11 AM,50,10,500,ASX,
10:00:11 AM,50,20,1000,ASX,
10:00:11 AM,50,79,3950,ASX,
10:00:11 AM,50,100,5000,ASX,
10:00:11 AM,50,270,13500,ASX,
10:00:11 AM,50,20,1000,ASX,
10:00:11 AM,50,25,1250,ASX,
10:00:11 AM,50,10,500,ASX,
10:00:11 AM,50,10,500,ASX,
10:00:11 AM,50,20,1000,ASX,
10:00:11 AM,50,399,19950,ASX,
10:00:11 AM,50,20,1000,ASX,
10:00:11 AM,50,10,500,ASX,
10:00:11 AM,50.1,200,10020,ASX,
10:00:11 AM,50.16,100,5016,ASX,
10:00:11 AM,50.5,100,5050,ASX,
10:00:11 AM,50.5,20,1010,ASX,
10:00:11 AM,50.5,100,5050,ASX,
10:00:11 AM,50.5,19,959.5,ASX,
10:00:11 AM,50.5,80,4040,ASX,
10:00:11 AM,50.5,100,5050,ASX,
10:00:11 AM,50.5,51,2575.5,ASX,
10:00:11 AM,50.53,39,1970.67,ASX,
10:00:11 AM,50.55,39,1971.45,ASX,
10:00:11 AM,50.56,100,5056,ASX,
10:00:11 AM,50.65,526,26641.9,ASX,
10:00:10 AM,50.65,300,15195,ASX,
10:00:10 AM,50.65,69,3494.85,ASX,XT
10:00:10 AM,50.65,500,25325,ASX,
10:00:10 AM,50.65,100,5065,ASX,
10:00:10 AM,50.65,5,253.25,ASX,
10:00:10 AM,50.65,151,7648.15,ASX,
10:00:10 AM,50.65,49,2481.85,ASX,
10:00:10 AM,50.65,9,455.85,ASX,
10:00:10 AM,50.65,29,1468.85,ASX,
10:00:10 AM,50.65,621,31453.65,ASX,
10:00:10 AM,50.65,10,506.5,ASX,
10:00:10 AM,50.65,2,101.3,ASX,
10:00:10 AM,50.65,150,7597.5,ASX,
10:00:10 AM,50.65,17,861.05,ASX,
10:00:10 AM,50.65,83,4203.95,ASX,XT
10:00:10 AM,50.65,55,2785.75,ASX,XT
10:00:10 AM,50.65,31,1570.15,ASX,XT
10:00:10 AM,50.65,31,1570.15,ASX,
10:00:10 AM,50.65,39,1975.35,ASX,
10:00:10 AM,50.65,200,10130,ASX,
10:00:10 AM,50.65,730,36974.5,ASX,
10:00:10 AM,50.65,14,709.1,ASX,
10:00:10 AM,50.65,101,5115.65,ASX,
10:00:10 AM,50.65,84,4254.6,ASX,
10:00:10 AM,50.65,1,50.65,ASX,
10:00:10 AM,50.65,28,1418.2,ASX,
10:00:10 AM,50.65,76,3849.4,ASX,
10:00:10 AM,50.65,7,354.55,ASX,
10:00:10 AM,50.65,63,3190.95,ASX,
10:00:10 AM,50.65,11,557.15,ASX,XT
10:00:10 AM,50.65,16,810.4,ASX,XT
