Time,Price $,Volume,Value $,Market,Condition
4:10:16 PM,2.05,14618,29966.9,ASX,
4:10:16 PM,2.05,10924,22394.2,ASX,
4:10:16 PM,2.05,5,10.25,ASX,
4:10:16 PM,2.05,2129,4364.45,ASX,
3:59:51 PM,2.06,2,4.12,ASX,
3:58:42 PM,2.07,750,1552.5,ASX,
3:58:38 PM,2.06,1,2.06,ASX,
3:56:48 PM,2.05,3576,7330.8,ASX,XT
3:56:48 PM,2.05,2252,4616.6,ASX,
3:56:48 PM,2.06,3,6.18,ASX,
3:56:48 PM,2.06,274,564.44,ASX,
3:56:48 PM,2.06,21,43.26,ASX,
3:56:48 PM,2.06,6230,12833.8,ASX,
3:56:48 PM,2.06,4,8.24,CXA,
3:56:48 PM,2.06,131,269.86,CXA,
3:56:48 PM,2.06,8,16.48,CXA,
3:54:36 PM,2.08,578,1202.24,ASX,
3:54:34 PM,2.08,3293,6849.44,ASX,
3:54:34 PM,2.07,25000,51750,ASX,XT
3:54:34 PM,2.07,4000,8280,ASX,
3:54:34 PM,2.07,200,414,ASX,
3:54:34 PM,2.07,4,8.28,ASX,
3:54:34 PM,2.07,214,442.98,ASX,XT
3:54:34 PM,2.07,11679,24175.53,ASX,
3:54:34 PM,2.07,100,207,CXA,
3:54:34 PM,2.07,100,207,CXA,
3:54:34 PM,2.07,410,848.7,CXA,
3:54:34 PM,2.07,5000,10350,CXA,
3:54:06 PM,2.05,4,8.2,ASX,
3:49:14 PM,2.05,1744,3575.2,ASX,
3:49:14 PM,2.05,197,403.85,ASX,
3:49:14 PM,2.05,59,120.95,ASX,
3:46:59 PM,2.04,11384,23223.36,ASX,
3:46:59 PM,2.04,3616,7376.64,ASX,
3:45:47 PM,2.07,1459,3020.13,ASX,
3:45:47 PM,2.06,5,10.3,ASX,
3:45:47 PM,2.06,736,1516.16,ASX,
3:44:42 PM,2.06,21,43.26,ASX,
3:44:37 PM,2.06,273,562.38,ASX,
3:44:37 PM,2.06,220,453.2,ASX,
3:44:37 PM,2.06,5,10.3,ASX,
3:44:37 PM,2.06,199,409.94,ASX,
3:44:18 PM,2.06,9,18.54,ASX,
3:44:12 PM,2.06,2,4.12,ASX,
3:44:06 PM,2.06,16,32.96,ASX,
3:44:01 PM,2.06,3,6.18,ASX,
3:43:59 PM,2.06,4,8.24,ASX,
3:43:50 PM,2.06,111,228.66,ASX,
3:43:47 PM,2.04,1030,2101.2,CXA,
3:43:47 PM,2.04,80,163.2,CXA,
3:43:47 PM,2.04,190,387.6,CXA,
3:43:38 PM,2.06,156,321.36,ASX,
3:43:35 PM,2.06,121,249.26,ASX,
3:43:33 PM,2.06,2500,5150,ASX,
3:41:17 PM,2.06,11,22.66,ASX,
3:41:16 PM,2.06,100,206,ASX,
3:39:22 PM,2.06,245,504.7,ASX,
3:37:43 PM,2.06,252,519.12,ASX,
3:37:14 PM,2.05,5,10.25,ASX,
3:37:14 PM,2.05,4000,8200,ASX,
3:37:14 PM,2.05,4324,8864.2,ASX,XT
3:37:03 PM,2.05,2769,5676.45,ASX,
3:37:02 PM,2.05,1800,3690,ASX,
3:37:02 PM,2.05,100,205,CXA,
3:37:02 PM,2.05,100,205,CXA,
3:35:47 PM,2.05,7860,16113,ASX,
3:34:52 PM,2.05,5000,10250,ASX,
3:34:03 PM,2.05,2231,4573.55,ASX,
3:34:03 PM,2.05,1548,3173.4,ASX,
3:34:03 PM,2.05,1000,2050,CXA,
3:34:03 PM,2.05,11,22.55,CXA,
3:34:03 PM,2.05,110,225.5,CXA,
3:34:03 PM,2.05,100,205,CXA,
3:33:52 PM,2.04,384,783.36,ASX,
3:33:52 PM,2.04,2945,6007.8,ASX,
3:33:52 PM,2.04,1300,2652,ASX,
3:33:52 PM,2.04,3,6.12,ASX,
3:33:52 PM,2.04,37,75.48,CXA,
3:33:52 PM,2.04,90,183.6,CXA,
3:33:52 PM,2.04,240,489.6,CXA,
3:33:52 PM,2.04,1,2.04,CXA,
3:33:22 PM,2.04,361,736.44,ASX,
3:33:22 PM,2.04,102,208.08,ASX,
3:33:22 PM,2.04,177,361.08,ASX,
3:33:22 PM,2.04,236,481.44,ASX,
3:33:22 PM,2.04,3,6.12,ASX,
3:33:22 PM,2.04,4000,8160,ASX,
3:33:22 PM,2.04,3551,7244.04,ASX,
3:33:22 PM,2.04,2450,4998,ASX,
3:33:22 PM,2.04,43,87.72,CXA,
3:33:22 PM,2.04,84,171.36,CXA,
3:33:22 PM,2.04,80,163.2,CXA,
3:33:22 PM,2.04,1,2.04,CXA,
3:33:22 PM,2.04,112,228.48,CXA,
3:33:22 PM,2.04,1000,2040,CXA,
3:33:19 PM,2.05,3355,6877.75,ASX,
3:33:14 PM,2.05,724,1484.2,ASX,
3:32:48 PM,2.05,689,1412.45,ASX,
3:32:48 PM,2.05,110,225.5,CXA,
3:32:48 PM,2.05,110,225.5,CXA,
3:32:48 PM,2.05,1091,2236.55,CXA,
3:28:32 PM,2.03,1091,2214.73,ASX,
3:28:32 PM,2.03,1500,3045,ASX,
3:28:32 PM,2.03,809,1642.27,ASX,
3:28:05 PM,2.04,1932,3941.28,ASX,
3:28:05 PM,2.04,3331,6795.24,ASX,XT
3:27:59 PM,2.05,1310,2685.5,ASX,
3:27:59 PM,2.05,90,184.5,CXA,
3:27:59 PM,2.05,1000,2050,CXA,
3:27:40 PM,2.04,1569,3200.76,ASX,
3:27:40 PM,2.04,2996,6111.84,ASX,XT
3:26:22 PM,2.04,1000,2040,CXA,
3:25:01 PM,2.05,42,86.1,ASX,
3:25:01 PM,2.05,514,1053.7,ASX,
3:25:01 PM,2.05,500,1025,ASX,XT
3:25:01 PM,2.05,1000,2050,ASX,XT
3:25:01 PM,2.07,4247,8791.29,ASX,
3:25:01 PM,2.06,550,1133,ASX,
3:25:01 PM,2.06,4000,8240,ASX,
3:25:01 PM,2.05,495,1014.75,ASX,
3:25:01 PM,2.05,15708,32201.4,ASX,
3:24:56 PM,2.07,7965,16487.55,ASX,
3:24:56 PM,2.07,4000,8280,ASX,
3:24:56 PM,2.05,495,1014.75,ASX,
3:24:56 PM,2.05,7540,15457,ASX,
3:24:29 PM,2.05,8168,16744.4,ASX,
3:24:29 PM,2.05,495,1014.75,ASX,
3:24:29 PM,2.05,14259,29230.95,ASX,
3:24:11 PM,2.05,1449,2970.45,ASX,
3:24:11 PM,2.05,495,1014.75,ASX,
3:24:11 PM,2.05,4000,8200,ASX,
3:24:11 PM,2.05,14056,28814.8,ASX,
3:22:41 PM,2.05,1652,3386.6,ASX,
3:22:41 PM,2.05,5,10.25,ASX,
3:22:41 PM,2.05,4000,8200,ASX,
3:22:41 PM,2.05,495,1014.75,ASX,
3:22:41 PM,2.05,5000,10250,ASX,
3:22:41 PM,2.05,8848,18138.4,ASX,
3:19:28 PM,2.05,1000,2050,CXA,
3:18:55 PM,2.04,1,2.04,ASX,
3:15:58 PM,2.05,1000,2050,CXA,
3:15:58 PM,2.05,2000,4100,CXA,
3:12:15 PM,2.04,3,6.12,ASX,
3:09:57 PM,2.03,320,649.6,CXA,
3:09:57 PM,2.03,630,1278.9,CXA,
3:09:36 PM,2.03,370,751.1,CXA,
3:09:36 PM,2.03,120,243.6,CXA,
3:09:36 PM,2.03,500,1015,CXA,
3:09:31 PM,2.03,1500,3045,CXA,
3:08:21 PM,2.05,713,1461.65,CXA,
3:08:21 PM,2.05,4120,8446,CXA,
3:03:57 PM,2.04,2,4.08,ASX,
3:03:56 PM,2.04,5460,11138.4,ASX,
3:03:56 PM,2.05,1430,2931.5,CXA,
3:03:56 PM,2.04,110,224.4,CXA,
3:03:56 PM,2.04,3000,6120,CXA,
3:01:10 PM,2.03,3691,7492.73,ASX,
3:01:10 PM,2.03,487,988.61,ASX,
3:01:10 PM,2.03,4000,8120,ASX,
3:01:10 PM,2.03,10000,20300,ASX,
3:01:10 PM,2.03,3000,6090,ASX,
3:01:10 PM,2.04,1822,3716.88,ASX,
3:01:10 PM,2.04,2000,4080,ASX,
3:01:04 PM,2.05,450,922.5,CXA,
2:59:09 PM,2.05,1860,3813,ASX,
2:59:09 PM,2.05,80,164,CXA,
2:59:09 PM,2.05,3060,6273,CXA,
2:57:59 PM,2.05,250,512.5,CXA,
2:57:40 PM,2.04,1160,2366.4,ASX,
2:57:17 PM,2.04,3,6.12,ASX,
2:56:19 PM,2.04,3510,7160.4,ASX,
2:56:19 PM,2.04,939,1915.56,ASX,
2:56:19 PM,2.04,16109,32862.36,ASX,
2:52:22 PM,2.04,2952,6022.08,ASX,
2:52:22 PM,2.04,548,1117.92,ASX,
2:52:22 PM,2.04,2000,4080,ASX,
2:52:22 PM,2.04,500,1020,ASX,
2:45:35 PM,2.05,495,1014.75,ASX,
2:45:35 PM,2.05,5000,10250,ASX,
2:44:31 PM,2.07,690,1428.3,CXA,
2:44:31 PM,2.07,110,227.7,CXA,
2:40:40 PM,2.07,3279,6787.53,ASX,
2:40:40 PM,2.07,4528,9372.96,ASX,
2:40:40 PM,2.07,1,2.07,ASX,
2:40:40 PM,2.06,200,412,ASX,
2:40:40 PM,2.06,400,824,ASX,
2:40:40 PM,2.06,4000,8240,ASX,
2:40:40 PM,2.04,5780,11791.2,ASX,
2:40:40 PM,2.07,2000,4140,CXA,
2:40:40 PM,2.06,4000,8240,CXA,
2:40:40 PM,2.05,90,184.5,CXA,
2:40:40 PM,2.05,200,410,CXA,
2:40:36 PM,2.04,468,954.72,ASX,
2:40:29 PM,2.04,900,1836,ASX,
2:40:29 PM,2.04,4000,8160,ASX,
2:40:29 PM,2.04,2300,4692,ASX,
2:40:29 PM,2.04,2800,5712,CXA,
2:40:29 PM,2.04,2200,4488,CXA,
2:40:28 PM,2.04,6152,12550.08,ASX,
2:40:28 PM,2.04,2500,5100,ASX,
2:40:25 PM,2.04,2900,5916,ASX,
2:39:09 PM,2.04,1000,2040,ASX,
2:39:04 PM,2.04,3000,6120,CXA,
2:37:57 PM,2.03,4528,9191.84,ASX,
2:37:57 PM,2.03,3000,6090,ASX,
2:37:57 PM,2.03,4000,8120,ASX,
2:37:57 PM,2.04,300,612,ASX,
2:37:57 PM,2.04,1000,2040,ASX,
2:37:57 PM,2.04,214,436.56,ASX,
2:37:57 PM,2.05,152,311.6,ASX,
2:37:57 PM,2.05,696,1426.8,ASX,
2:37:57 PM,2.03,5000,10150,CXA,
2:37:57 PM,2.04,110,224.4,CXA,
2:37:57 PM,2.04,1000,2040,CXA,
2:36:44 PM,2.06,96,197.76,ASX,
2:36:12 PM,2.06,4904,10102.24,ASX,
2:34:55 PM,2.08,9,18.72,ASX,
2:34:55 PM,2.07,310,641.7,ASX,
2:34:55 PM,2.07,1,2.07,ASX,
2:34:46 PM,2.06,1,2.06,CXA,
2:33:20 PM,2.06,220,453.2,ASX,
2:33:20 PM,2.06,480,988.8,ASX,
2:33:10 PM,2.05,2200,4510,ASX,
2:33:10 PM,2.05,189,387.45,CXA,
2:33:10 PM,2.05,2400,4920,CXA,
2:33:07 PM,2.05,386,791.3,ASX,
2:33:07 PM,2.05,97,198.85,ASX,
2:33:07 PM,2.07,141,291.87,ASX,
2:33:07 PM,2.07,2911,6025.77,ASX,
2:33:07 PM,2.07,7948,16452.36,ASX,
2:33:07 PM,2.07,4000,8280,ASX,
2:33:07 PM,2.05,2912,5969.6,CXA,
2:32:53 PM,2.05,2,4.1,ASX,
2:30:37 PM,2.04,727,1483.08,ASX,
2:30:37 PM,2.04,2287,4665.48,ASX,
2:30:37 PM,2.04,1900,3876,ASX,
2:30:37 PM,2.04,390,795.6,ASX,
2:30:37 PM,2.04,696,1419.84,ASX,
2:29:43 PM,2.05,88,180.4,CXA,
2:29:36 PM,2.04,5,10.2,ASX,
2:29:36 PM,2.04,2580,5263.2,ASX,
2:29:36 PM,2.04,7420,15136.8,ASX,
2:29:32 PM,2.04,12180,24847.2,ASX,
2:29:32 PM,2.04,1500,3060,ASX,
2:29:32 PM,2.04,3000,6120,ASX,
2:29:32 PM,2.04,1000,2040,ASX,
2:29:32 PM,2.04,6000,12240,CXA,
2:29:32 PM,2.04,1500,3060,CXA,
2:29:32 PM,2.04,110,224.4,CXA,
2:29:32 PM,2.04,4710,9608.4,CXA,
2:29:00 PM,2.04,3000,6120,CXA,
2:25:17 PM,2.03,418,848.54,ASX,
2:25:17 PM,2.03,2082,4226.46,ASX,
2:25:17 PM,2.03,2,4.06,ASX,
2:23:45 PM,2.04,290,591.6,CXA,
2:23:45 PM,2.04,110,224.4,CXA,
2:23:45 PM,2.04,1600,3264,CXA,
2:23:33 PM,2.04,1470,2998.8,CXA,
2:22:09 PM,2.04,1820,3712.8,CXA,
2:20:36 PM,2.03,2842,5769.26,ASX,XT
2:20:36 PM,2.03,4000,8120,ASX,
2:20:36 PM,2.04,1958,3994.32,ASX,
2:20:36 PM,2.04,10000,20400,ASX,
2:20:36 PM,2.03,3000,6090,CXA,
2:20:36 PM,2.03,1000,2030,CXA,
2:20:36 PM,2.03,100,203,CXA,
2:20:36 PM,2.03,2100,4263,CXA,
2:16:58 PM,2.04,5,10.2,ASX,
2:16:58 PM,2.04,2041,4163.64,ASX,
2:16:58 PM,2.04,1959,3996.36,ASX,
2:16:58 PM,2.04,8800,17952,ASX,
2:16:58 PM,2.04,3131,6387.24,ASX,
2:16:58 PM,2.04,110,224.4,CXA,
2:16:58 PM,2.04,6000,12240,CXA,
2:16:40 PM,2.03,1790,3633.7,ASX,
2:16:40 PM,2.03,1103,2239.09,ASX,
2:16:39 PM,2.03,4000,8120,ASX,
2:16:39 PM,2.03,3000,6090,ASX,
2:16:39 PM,2.03,1976,4011.28,ASX,
2:16:39 PM,2.03,6131,12445.93,ASX,
2:14:25 PM,2.03,3869,7854.07,ASX,CXXT
2:13:43 PM,2.02,7,14.14,ASX,
2:13:43 PM,2.02,3,6.06,ASX,
2:13:36 PM,2.02,2000,4040,ASX,
2:13:26 PM,2.03,700,1421,ASX,
2:13:26 PM,2.03,4000,8120,ASX,
2:13:22 PM,2.025,4000,8100,ASX,CXXT
2:13:17 PM,2.02,2200,4444,ASX,
2:13:17 PM,2.02,3917,7912.34,ASX,
2:13:17 PM,2.02,4950,9999,ASX,
2:13:17 PM,2.02,4000,8080,ASX,
2:13:17 PM,2.02,2000,4040,ASX,
2:13:17 PM,2.02,5000,10100,ASX,
2:13:17 PM,2.02,12376,24999.52,ASX,
2:13:17 PM,2.02,7557,15265.14,ASX,
2:13:16 PM,2.03,3131,6355.93,ASX,CXXT
2:12:34 PM,2.03,4058,8237.74,ASX,
2:12:34 PM,2.03,4000,8120,ASX,
2:12:34 PM,2.03,500,1015,ASX,
2:12:34 PM,2.03,1500,3045,ASX,
2:12:34 PM,2.03,9000,18270,ASX,
2:12:34 PM,2.03,25000,50750,ASX,
2:12:34 PM,2.03,3000,6090,ASX,
2:12:34 PM,2.03,2450,4973.5,ASX,
2:12:34 PM,2.03,492,998.76,ASX,
2:12:15 PM,2.04,1228,2505.12,ASX,
2:12:15 PM,2.04,527,1075.08,ASX,
2:12:15 PM,2.04,1228,2505.12,ASX,
2:12:15 PM,2.04,17017,34714.68,ASX,
2:12:15 PM,2.04,15000,30600,ASX,
2:12:15 PM,2.04,19983,40765.32,ASX,
2:12:06 PM,2.04,610,1244.4,ASX,XT
2:12:06 PM,2.04,80,163.2,CXA,
2:12:04 PM,2.04,4407,8990.28,ASX,
2:12:04 PM,2.04,9000,18360,ASX,XT
2:12:01 PM,2.05,3000,6150,CXA,
2:12:01 PM,2.05,6000,12300,CXA,
2:12:01 PM,2.05,8000,16400,CXA,
2:12:01 PM,2.05,3000,6150,CXA,
2:12:01 PM,2.05,6000,12300,CXA,
2:12:00 PM,2.05,2000,4100,ASX,
2:12:00 PM,2.05,5000,10250,ASX,
2:12:00 PM,2.05,5000,10250,ASX,
2:12:00 PM,2.05,5000,10250,ASX,
2:12:00 PM,2.05,25100,51455,ASX,
2:12:00 PM,2.05,4000,8200,ASX,
2:12:00 PM,2.05,1500,3075,ASX,
2:12:00 PM,2.05,1000,2050,ASX,
2:12:00 PM,2.05,5000,10250,ASX,
2:12:00 PM,2.05,3000,6150,ASX,
2:12:00 PM,2.05,487,998.35,ASX,
2:12:00 PM,2.05,19500,39975,ASX,
2:12:00 PM,2.06,250,515,ASX,
2:12:00 PM,2.06,1050,2163,ASX,
2:12:00 PM,2.06,10000,20600,ASX,XT
2:12:00 PM,2.06,2427,4999.62,ASX,
2:12:00 PM,2.06,241,496.46,ASX,XT
2:12:00 PM,2.06,4000,8240,ASX,
2:12:00 PM,2.06,13888,28609.28,ASX,
2:12:00 PM,2.06,5000,10300,CXA,
2:12:00 PM,2.06,110,226.6,CXA,
2:12:00 PM,2.06,8800,18128,CXA,
2:12:00 PM,2.06,1000,2060,CXA,
2:12:00 PM,2.07,3131,6481.17,CXA,
2:12:00 PM,2.07,510,1055.7,ASX,
2:10:28 PM,2.07,3490,7224.3,ASX,
2:10:28 PM,2.07,510,1055.7,ASX,
2:10:03 PM,2.07,3490,7224.3,ASX,
2:10:03 PM,2.07,5000,10350,ASX,
2:10:03 PM,2.07,5000,10350,ASX,
2:10:03 PM,2.07,4000,8280,ASX,
2:10:03 PM,2.07,1510,3125.7,ASX,
2:06:11 PM,2.09,1110,2319.9,CXA,
2:06:11 PM,2.09,90,188.1,CXA,
2:03:58 PM,2.08,1869,3887.52,ASX,
2:03:44 PM,2.08,414,861.12,ASX,
2:03:44 PM,2.08,3747,7793.76,ASX,
2:03:19 PM,2.08,2000,4160,ASX,XT
2:03:19 PM,2.08,4000,8320,ASX,
2:03:19 PM,2.08,727,1512.16,ASX,
2:03:19 PM,2.07,1869,3868.83,CXA,
2:03:19 PM,2.07,6000,12420,CXA,
2:03:19 PM,2.08,1000,2080,CXA,
2:03:19 PM,2.08,4404,9160.32,CXA,
1:52:01 PM,2.1,140,294,CXA,
1:52:01 PM,2.1,110,231,CXA,
1:50:27 PM,2.09,4,8.36,ASX,
1:45:25 PM,2.11,1000,2110,CXA,
1:42:13 PM,2.1,4428,9298.8,ASX,
1:42:08 PM,2.1,34,71.4,ASX,
1:42:08 PM,2.1,5,10.5,ASX,
1:42:08 PM,2.1,80,168,CXA,
1:42:08 PM,2.1,3,6.3,CXA,
1:42:08 PM,2.1,450,945,CXA,
1:38:29 PM,2.08,5596,11639.68,CXA,
1:38:29 PM,2.08,80,166.4,CXA,
1:38:29 PM,2.08,430,894.4,CXA,
1:36:07 PM,2.1,700,1470,ASX,
1:33:54 PM,2.1,1500,3150,ASX,
1:23:21 PM,2.1,4,8.4,ASX,
1:23:21 PM,2.1,14,29.4,ASX,
1:23:21 PM,2.1,5000,10500,ASX,
1:23:21 PM,2.1,4000,8400,ASX,
1:23:21 PM,2.1,982,2062.2,CXA,
1:22:27 PM,2.08,3,6.24,ASX,
1:22:26 PM,2.08,2230,4638.4,ASX,
1:22:10 PM,2.08,40,83.2,ASX,
1:19:25 PM,2.09,5,10.45,ASX,
1:19:25 PM,2.09,5000,10450,ASX,
1:19:25 PM,2.08,23,47.84,ASX,
1:19:25 PM,2.08,625,1300,ASX,XT
1:19:25 PM,2.1,1657,3479.7,CXA,
1:19:25 PM,2.1,2400,5040,CXA,
1:19:25 PM,2.09,190,397.1,CXA,
1:19:25 PM,2.09,100,209,CXA,
1:17:30 PM,2.07,1889,3910.23,ASX,
1:16:11 PM,2.08,175,364,ASX,
1:16:11 PM,2.08,4000,8320,ASX,
1:09:46 PM,2.09,1000,2090,ASX,
1:04:54 PM,2.09,4000,8360,ASX,
1:03:23 PM,2.1,6981,14660.1,ASX,
1:03:22 PM,2.1,700,1470,ASX,
1:03:22 PM,2.1,1400,2940,ASX,
1:03:22 PM,2.1,3619,7599.9,ASX,
1:03:09 PM,2.1,381,800.1,ASX,
1:03:09 PM,2.1,1239,2601.9,ASX,
1:03:09 PM,2.1,4000,8400,ASX,
1:03:09 PM,2.09,1000,2090,ASX,
1:02:47 PM,2.09,4000,8360,ASX,
1:02:47 PM,2.1,3831,8045.1,ASX,
1:02:47 PM,2.1,2000,4200,ASX,
1:02:47 PM,2.1,2500,5250,ASX,
1:02:47 PM,2.1,9000,18900,ASX,
1:02:47 PM,2.1,4000,8400,ASX,
1:02:47 PM,2.1,69,144.9,ASX,
1:01:56 PM,2.09,2380,4974.2,ASX,
1:01:56 PM,2.09,3260,6813.4,ASX,
1:01:29 PM,2.08,50,104,ASX,
1:01:29 PM,2.08,950,1976,CXA,
1:01:23 PM,2.09,6740,14086.6,ASX,
1:01:23 PM,2.09,4000,8360,ASX,
1:00:59 PM,2.08,550,1144,ASX,
1:00:59 PM,2.08,1100,2288,ASX,
12:59:54 PM,2.07,1188,2459.16,CXA,
12:59:46 PM,2.08,1900,3952,ASX,
12:59:46 PM,2.08,1500,3120,ASX,
12:59:34 PM,2.08,4000,8320,ASX,
12:58:50 PM,2.07,100,207,CXA,
12:58:50 PM,2.07,1100,2277,CXA,
12:58:50 PM,2.07,401,830.07,CXA,
12:58:29 PM,2.07,2102,4351.14,ASX,
12:58:26 PM,2.07,1302,2695.14,ASX,
12:58:26 PM,2.07,11396,23589.72,ASX,
12:58:26 PM,2.07,4,8.28,ASX,
12:58:26 PM,2.07,4000,8280,ASX,
12:58:26 PM,2.07,5000,10350,ASX,
12:54:38 PM,2.07,2599,5379.93,CXA,
12:54:38 PM,2.07,3401,7040.07,CXA,
12:53:46 PM,2.07,536,1109.52,ASX,
12:53:46 PM,2.07,10674,22095.18,ASX,
12:53:46 PM,2.07,3726,7712.82,ASX,
12:53:32 PM,2.06,1100,2266,CXA,
12:53:32 PM,2.06,1400,2884,CXA,
12:50:31 PM,2.07,274,567.18,ASX,
12:50:30 PM,2.07,6300,13041,ASX,
12:50:30 PM,2.07,5,10.35,ASX,
12:50:30 PM,2.07,1566,3241.62,ASX,
12:50:30 PM,2.07,1599,3309.93,CXA,
12:50:30 PM,2.07,100,207,CXA,
12:50:30 PM,2.07,4830,9998.1,CXA,
12:49:12 PM,2.06,13700,28222,ASX,
12:49:12 PM,2.06,5000,10300,CXA,
12:49:12 PM,2.06,100,206,CXA,
12:49:12 PM,2.06,1500,3090,CXA,
12:47:50 PM,2.07,213,440.91,ASX,
12:47:50 PM,2.07,2000,4140,ASX,
12:47:33 PM,2.06,3500,7210,CXA,
12:45:44 PM,2.07,21,43.47,ASX,
12:45:43 PM,2.07,200,414,ASX,
12:45:40 PM,2.07,165,341.55,CXA,
12:45:40 PM,2.07,100,207,CXA,
12:42:53 PM,2.06,4000,8240,ASX,
12:42:53 PM,2.06,9708,19998.48,ASX,
12:42:53 PM,2.06,2725,5613.5,CXA,
12:42:53 PM,2.06,1500,3090,CXA,
12:42:53 PM,2.06,4479,9226.74,CXA,
12:40:54 PM,2.06,1291,2659.46,CXA,
12:40:54 PM,2.06,1209,2490.54,CXA,
12:40:54 PM,2.06,2400,4944,CXA,
12:40:54 PM,2.06,100,206,CXA,
12:35:49 PM,2.06,4000,8240,ASX,
12:35:49 PM,2.06,2005,4130.3,ASX,
12:35:37 PM,2.06,2725,5613.5,CXA,
12:35:37 PM,2.06,2000,4120,CXA,
12:35:37 PM,2.06,2775,5716.5,CXA,
12:33:35 PM,2.07,30,62.1,CXA,
12:33:35 PM,2.07,90,186.3,CXA,
12:33:35 PM,2.07,280,579.6,CXA,
12:32:54 PM,2.06,97,199.82,ASX,
12:32:54 PM,2.06,383,788.98,ASX,
12:32:54 PM,2.06,9280,19116.8,ASX,
12:32:54 PM,2.06,2019,4159.14,ASX,
12:32:54 PM,2.06,325,669.5,CXA,
12:32:54 PM,2.06,2675,5510.5,CXA,
12:32:54 PM,2.06,3200,6592,CXA,
12:32:54 PM,2.06,2000,4120,CXA,
12:32:54 PM,2.06,24,49.44,CXA,
12:32:54 PM,2.06,10000,20600,ASX,
12:30:21 PM,2.05,1209,2478.45,CXA,
12:30:21 PM,2.05,3000,6150,CXA,
12:29:28 PM,2.06,4765,9815.9,ASX,
12:29:28 PM,2.06,4990,10279.4,ASX,
12:29:28 PM,2.06,2000,4120,ASX,
12:29:28 PM,2.06,2415,4974.9,ASX,
12:29:28 PM,2.06,120,247.2,ASX,
12:29:28 PM,2.06,1000,2060,ASX,
12:29:28 PM,2.06,2428,5001.68,ASX,
12:29:28 PM,2.06,5000,10300,ASX,
12:29:28 PM,2.06,2500,5150,ASX,
12:29:28 PM,2.06,3100,6386,ASX,
12:29:17 PM,2.06,900,1854,ASX,
12:29:17 PM,2.06,5000,10300,ASX,
12:29:17 PM,2.06,100,206,CXA,
12:28:11 PM,2.06,3100,6386,ASX,
12:28:11 PM,2.06,1900,3914,ASX,
12:28:10 PM,2.07,483,999.81,ASX,
12:28:10 PM,2.07,2991,6191.37,ASX,
12:28:10 PM,2.07,4786,9907.02,ASX,
12:28:10 PM,2.07,475,983.25,ASX,
12:28:10 PM,2.07,1300,2691,ASX,
12:28:10 PM,2.07,10000,20700,ASX,
12:28:10 PM,2.07,2415,4999.05,ASX,
12:28:10 PM,2.07,115,238.05,ASX,
12:28:10 PM,2.07,1232,2550.24,ASX,
12:28:10 PM,2.07,2148,4446.36,ASX,
12:28:09 PM,2.07,5000,10350,ASX,
12:28:09 PM,2.07,6000,12420,ASX,
12:28:09 PM,2.07,2420,5009.4,ASX,
12:28:09 PM,2.07,2500,5175,CXA,
12:28:09 PM,2.07,80,165.6,CXA,
12:28:06 PM,2.07,8200,16974,ASX,
12:28:06 PM,2.07,7000,14490,ASX,
12:28:06 PM,2.07,5000,10350,ASX,
12:28:06 PM,2.07,4000,8280,ASX,
12:28:06 PM,2.07,4000,8280,ASX,XT
12:28:06 PM,2.07,13720,28400.4,ASX,XT
12:28:06 PM,2.07,5000,10350,CXA,
12:28:06 PM,2.07,80,165.6,CXA,
12:28:06 PM,2.07,3000,6210,CXA,
12:27:35 PM,2.07,9661,19998.27,ASX,
12:23:25 PM,2.075,1000,2075,CXA,CX
12:22:22 PM,2.075,240,498,CXA,CX
12:18:44 PM,2.075,4000,8300,CXA,CX
12:18:17 PM,2.075,480,996,CXA,CX
12:15:56 PM,2.07,3110,6437.7,ASX,
12:15:56 PM,2.07,2890,5982.3,ASX,
12:15:52 PM,2.07,5000,10350,ASX,
12:14:34 PM,2.07,10000,20700,ASX,
12:11:35 PM,2.07,5000,10350,ASX,
12:07:20 PM,2.08,1800,3744,CXA,
12:07:20 PM,2.08,200,416,CXA,
12:06:21 PM,2.07,2148,4446.36,CXA,
12:06:21 PM,2.07,5000,10350,CXA,
12:06:21 PM,2.07,5379,11134.53,CXA,
12:05:46 PM,2.07,621,1285.47,CXA,
12:05:46 PM,2.07,5000,10350,CXA,
12:05:46 PM,2.07,2379,4924.53,CXA,
12:03:14 PM,2.08,800,1664,CXA,
11:57:08 AM,2.08,14,29.12,ASX,
11:57:08 AM,2.08,2493,5185.44,ASX,XT
11:57:08 AM,2.08,5000,10400,ASX,
11:57:08 AM,2.08,2000,4160,ASX,
11:57:08 AM,2.08,5987,12452.96,ASX,
11:57:08 AM,2.07,621,1285.47,CXA,
11:57:08 AM,2.07,6000,12420,CXA,
11:57:08 AM,2.08,2000,4160,CXA,
11:57:08 AM,2.08,5000,10400,CXA,
11:57:08 AM,2.08,11000,22880,CXA,
11:56:11 AM,2.08,19013,39547.04,ASX,
11:56:11 AM,2.08,4790,9963.2,ASX,
11:56:11 AM,2.08,2400,4992,ASX,
11:56:11 AM,2.08,6000,12480,ASX,
11:56:11 AM,2.08,4000,8320,ASX,
11:56:11 AM,2.08,5800,12064,ASX,
11:54:31 AM,2.09,600,1254,ASX,
11:54:31 AM,2.09,2300,4807,ASX,
11:51:51 AM,2.09,2100,4389,ASX,
11:45:29 AM,2.1,1000,2100,ASX,
11:45:29 AM,2.1,4000,8400,ASX,
11:44:08 AM,2.09,462,965.58,ASX,
11:44:08 AM,2.09,335,700.15,ASX,
11:44:08 AM,2.09,1936,4046.24,ASX,
11:43:57 AM,2.09,11894,24858.46,ASX,XT
11:43:44 AM,2.09,4000,8360,ASX,
11:43:44 AM,2.09,14580,30472.2,ASX,
11:43:44 AM,2.09,1000,2090,CXA,
11:43:44 AM,2.09,90,188.1,CXA,
11:38:50 AM,2.09,4970,10387.3,ASX,
11:38:50 AM,2.09,3456,7223.04,ASX,
11:38:50 AM,2.09,90,188.1,CXA,
11:38:50 AM,2.09,1000,2090,CXA,
11:37:26 AM,2.09,1000,2090,CXA,
11:35:54 AM,2.08,809,1682.72,ASX,
11:35:04 AM,2.08,7142,14855.36,ASX,
11:34:28 AM,2.08,49,101.92,ASX,
11:32:43 AM,2.08,682,1418.56,ASX,
11:32:43 AM,2.08,3000,6240,ASX,
11:30:03 AM,2.08,4000,8320,ASX,
11:30:03 AM,2.08,3000,6240,ASX,
11:30:03 AM,2.08,4702,9780.16,ASX,
11:30:03 AM,2.08,4600,9568,CXA,
11:29:56 AM,2.08,298,619.84,ASX,
11:29:56 AM,2.08,72,149.76,ASX,
11:29:56 AM,2.08,2000,4160,ASX,
11:28:18 AM,2.08,1440,2995.2,ASX,
11:27:59 AM,2.08,488,1015.04,ASX,
11:27:59 AM,2.08,821,1707.68,ASX,
11:27:59 AM,2.08,2500,5200,ASX,
11:26:26 AM,2.07,7100,14697,ASX,
11:24:05 AM,2.08,400,832,CXA,
11:24:05 AM,2.08,80,166.4,CXA,
11:23:50 AM,2.07,4937,10219.59,ASX,XT
11:23:50 AM,2.07,5000,10350,CXA,
11:20:14 AM,2.08,120,249.6,ASX,
11:20:14 AM,2.08,1000,2080,ASX,XT
11:20:14 AM,2.08,4000,8320,ASX,
11:20:14 AM,2.08,11559,24042.72,ASX,
11:20:14 AM,2.07,3321,6874.47,CXA,
11:19:58 AM,2.09,7,14.63,ASX,
11:19:58 AM,2.09,537,1122.33,ASX,
11:18:13 AM,2.08,2458,5112.64,ASX,XT
11:18:02 AM,2.08,1183,2460.64,ASX,
11:12:59 AM,2.08,800,1664,ASX,
11:12:53 AM,2.08,8000,16640,ASX,
11:09:37 AM,2.07,9113,18863.91,ASX,
11:09:37 AM,2.07,475,983.25,ASX,
11:09:37 AM,2.07,4000,8280,ASX,
11:09:37 AM,2.07,5000,10350,ASX,
11:09:37 AM,2.07,1412,2922.84,ASX,
11:09:37 AM,2.07,10000,20700,ASX,
11:09:36 AM,2.07,800,1656,CXA,
11:09:36 AM,2.07,8000,16560,CXA,
11:09:36 AM,2.07,1200,2484,CXA,
11:09:21 AM,2.08,1176,2446.08,ASX,
11:08:51 AM,2.08,857,1782.56,ASX,
11:08:51 AM,2.08,2467,5131.36,ASX,
11:08:34 AM,2.08,1180,2454.4,ASX,
11:06:25 AM,2.08,353,734.24,ASX,
11:06:25 AM,2.08,2427,5048.16,ASX,
11:04:05 AM,2.08,2573,5351.84,ASX,
10:57:05 AM,2.07,532,1101.24,ASX,
10:57:05 AM,2.07,473,979.11,ASX,
10:55:59 AM,2.07,440,910.8,ASX,
10:55:59 AM,2.07,2060,4264.2,ASX,
10:55:53 AM,2.06,2500,5150,CXA,
10:53:27 AM,2.08,950,1976,ASX,
10:49:05 AM,2.07,2,4.14,ASX,
10:48:59 AM,2.06,2,4.12,ASX,
10:48:59 AM,2.06,550,1133,CXA,
10:48:52 AM,2.08,477,992.16,ASX,
10:48:31 AM,2.06,1500,3090,ASX,
10:48:31 AM,2.06,4000,8240,ASX,
10:48:31 AM,2.06,1256,2587.36,ASX,
10:48:31 AM,2.06,500,1030,ASX,
10:48:31 AM,2.06,2000,4120,ASX,
10:48:31 AM,2.06,2744,5652.64,ASX,
10:47:11 AM,2.06,1256,2587.36,ASX,
10:47:11 AM,2.07,1000,2070,ASX,
10:47:11 AM,2.07,1000,2070,ASX,
10:47:11 AM,2.07,583,1206.81,ASX,
10:47:11 AM,2.07,4000,8280,ASX,
10:43:58 AM,2.07,4390,9087.3,ASX,
10:43:58 AM,2.07,1067,2208.69,ASX,
10:43:58 AM,2.07,4600,9522,ASX,
10:43:58 AM,2.07,1000,2070,ASX,
10:43:58 AM,2.08,219,455.52,ASX,
10:43:58 AM,2.08,557,1158.56,ASX,
10:43:58 AM,2.07,575,1190.25,CXA,
10:43:40 AM,2.07,1425,2949.75,CXA,
10:43:40 AM,2.07,4000,8280,CXA,
10:43:40 AM,2.08,935,1944.8,ASX,
10:43:40 AM,2.08,4000,8320,ASX,
10:43:40 AM,2.08,10000,20800,ASX,
10:41:54 AM,2.09,69,144.21,ASX,
10:41:54 AM,2.09,4800,10032,ASX,
10:41:50 AM,2.09,131,273.79,ASX,
10:40:39 AM,2.09,44,91.96,ASX,
10:40:39 AM,2.09,4000,8360,ASX,
10:40:39 AM,2.09,956,1998.04,CXA,
10:39:11 AM,2.1,448,940.8,ASX,
10:39:11 AM,2.1,55,115.5,ASX,
10:39:00 AM,2.09,44,91.96,CXA,
10:38:55 AM,2.1,69,144.9,ASX,
10:38:52 AM,2.1,189,396.9,ASX,
10:38:44 AM,2.1,1102,2314.2,ASX,
10:38:44 AM,2.1,7644,16052.4,ASX,
10:38:24 AM,2.1,1446,3036.6,ASX,
10:38:24 AM,2.1,10000,21000,CXA,
10:38:24 AM,2.1,800,1680,CXA,
10:38:24 AM,2.1,110,231,CXA,
10:38:16 AM,2.1,12554,26363.4,ASX,
10:38:16 AM,2.1,13756,28887.6,ASX,
10:38:16 AM,2.1,5000,10500,ASX,
10:38:16 AM,2.1,2090,4389,ASX,
10:38:04 AM,2.09,30000,62700,ASX,
10:35:41 AM,2.1,1910,4011,ASX,
10:35:41 AM,2.1,90,189,CXA,
10:32:25 AM,2.09,1174,2453.66,ASX,
10:32:25 AM,2.09,826,1726.34,ASX,
10:32:25 AM,2.09,4000,8360,ASX,
10:32:25 AM,2.09,5000,10450,CXA,
10:30:47 AM,2.11,450,949.5,ASX,
10:30:11 AM,2.1,1673,3513.3,ASX,
10:30:11 AM,2.1,4100,8610,ASX,
10:30:11 AM,2.1,29991,62981.1,ASX,
10:30:11 AM,2.1,5000,10500,ASX,
10:30:11 AM,2.1,3436,7215.6,ASX,
10:29:49 AM,2.09,3000,6270,ASX,
10:29:39 AM,2.09,2500,5225,ASX,
10:29:37 AM,2.1,564,1184.4,ASX,
10:29:37 AM,2.1,3139,6591.9,ASX,
10:29:37 AM,2.1,650,1365,ASX,
10:29:37 AM,2.1,4039,8481.9,ASX,
10:29:37 AM,2.1,15654,32873.4,ASX,
10:29:37 AM,2.1,5678,11923.8,ASX,
10:29:37 AM,2.1,4000,8400,ASX,
10:29:29 AM,2.09,2646,5530.14,ASX,
10:29:29 AM,2.09,2354,4919.86,ASX,
10:29:20 AM,2.09,1646,3440.14,ASX,
10:29:20 AM,2.09,577,1205.93,ASX,
10:29:20 AM,2.09,2000,4180,ASX,
10:28:33 AM,2.09,5000,10450,CXA,
10:27:54 AM,2.07,1000,2070,CXA,
10:27:45 AM,2.08,834,1734.72,ASX,
10:27:43 AM,2.08,1580,3286.4,ASX,
10:27:43 AM,2.07,677,1401.39,CXA,
10:27:43 AM,2.08,1586,3298.88,ASX,
10:27:42 AM,2.07,4000,8280,ASX,
10:27:42 AM,2.07,6276,12991.32,ASX,
10:27:22 AM,2.06,1408,2900.48,ASX,
10:27:22 AM,2.06,2000,4120,ASX,
10:27:22 AM,2.06,3792,7811.52,ASX,
10:27:00 AM,2.06,472,972.32,ASX,
10:26:59 AM,2.06,2636,5430.16,ASX,
10:26:59 AM,2.06,7500,15450,ASX,
10:26:50 AM,2.07,8000,16560,ASX,
10:26:23 AM,2.07,4000,8280,ASX,
10:26:23 AM,2.07,1820,3767.4,ASX,
10:26:23 AM,2.07,4185,8662.95,ASX,
10:26:23 AM,2.07,10000,20700,ASX,
10:26:23 AM,2.07,695,1438.65,ASX,XT
10:26:23 AM,2.07,1100,2277,CXA,
10:26:23 AM,2.07,2200,4554,CXA,
10:25:57 AM,2.08,576,1198.08,CXA,
10:24:35 AM,2.07,40,82.8,ASX,XT
10:24:35 AM,2.07,110,227.7,CXA,
10:24:35 AM,2.07,4000,8280,CXA,
10:24:35 AM,2.07,850,1759.5,CXA,
10:24:30 AM,2.08,987,2052.96,ASX,
10:24:30 AM,2.08,1680,3494.4,ASX,
10:24:30 AM,2.08,1333,2772.64,ASX,
10:23:08 AM,2.09,1724,3603.16,ASX,
10:23:03 AM,2.08,1260,2620.8,ASX,
10:23:03 AM,2.07,4095,8476.65,ASX,XT
10:23:03 AM,2.08,3000,6240,ASX,
10:23:03 AM,2.08,1260,2620.8,CXA,
10:23:03 AM,2.08,464,965.12,CXA,
10:23:03 AM,2.07,1260,2608.2,CXA,
10:23:03 AM,2.07,4000,8280,CXA,
10:23:03 AM,2.07,80,165.6,CXA,
10:22:43 AM,2.08,1260,2620.8,CXA,
10:22:39 AM,2.08,2164,4501.12,ASX,
10:22:22 AM,2.08,768,1597.44,ASX,
10:22:22 AM,2.08,1718,3573.44,ASX,
10:22:22 AM,2.08,3350,6968,ASX,
10:22:16 AM,2.08,1650,3432,ASX,
10:22:16 AM,2.08,3250,6760,ASX,
10:22:15 AM,2.08,750,1560,ASX,
10:22:15 AM,2.08,3901,8114.08,ASX,
10:22:15 AM,2.08,480,998.4,ASX,
10:22:15 AM,2.08,2169,4511.52,ASX,
10:22:15 AM,2.08,700,1456,ASX,
10:22:13 AM,2.08,3800,7904,ASX,
10:22:13 AM,2.08,5000,10400,ASX,
10:22:13 AM,2.08,4000,8320,ASX,
10:22:13 AM,2.08,1260,2620.8,CXA,
10:22:13 AM,2.08,90,187.2,CXA,
10:18:52 AM,2.09,447,934.23,ASX,
10:18:52 AM,2.09,4000,8360,ASX,
10:18:48 AM,2.09,2787,5824.83,ASX,
10:18:48 AM,2.09,1207,2522.63,ASX,
10:18:48 AM,2.09,1059,2213.31,ASX,
10:18:48 AM,2.09,2080,4347.2,ASX,
10:18:48 AM,2.09,7920,16552.8,ASX,XT
10:18:48 AM,2.09,2000,4180,ASX,
10:18:48 AM,2.09,80,167.2,CXA,
10:18:41 AM,2.1,4000,8400,ASX,
10:18:41 AM,2.1,100,210,ASX,
10:18:41 AM,2.1,4000,8400,ASX,
10:18:41 AM,2.1,5000,10500,ASX,
10:18:41 AM,2.1,10265,21556.5,ASX,
10:18:41 AM,2.1,1921,4034.1,ASX,
10:18:41 AM,2.1,1000,2100,ASX,
10:18:41 AM,2.1,1370,2877,ASX,XT
10:18:41 AM,2.1,3000,6300,ASX,
10:18:41 AM,2.1,4767,10010.7,ASX,
10:18:41 AM,2.1,476,999.6,ASX,
10:18:41 AM,2.1,1904,3998.4,ASX,
10:18:41 AM,2.1,471,989.1,ASX,
10:18:41 AM,2.1,5000,10500,ASX,XT
10:18:41 AM,2.1,4000,8400,ASX,
10:18:41 AM,2.1,2380,4998,ASX,
10:18:41 AM,2.1,250,525,ASX,
10:18:41 AM,2.1,1500,3150,ASX,
10:18:41 AM,2.1,782,1642.2,ASX,
10:18:41 AM,2.1,6000,12600,ASX,
10:18:41 AM,2.1,74400,156240,ASX,
10:18:41 AM,2.1,2000,4200,ASX,
10:18:41 AM,2.1,1500,3150,ASX,
10:18:41 AM,2.1,10000,21000,ASX,
10:18:41 AM,2.1,482,1012.2,ASX,
10:18:41 AM,2.1,4000,8400,ASX,
10:18:41 AM,2.1,3901,8192.1,ASX,
10:18:41 AM,2.1,2020,4242,CXA,
10:18:41 AM,2.1,80,168,CXA,
10:18:40 AM,2.1,100,210,CXA,
10:18:40 AM,2.1,2100,4410,CXA,
10:18:40 AM,2.1,8000,16800,CXA,
10:18:40 AM,2.1,8000,16800,CXA,
10:18:40 AM,2.1,9800,20580,CXA,
10:18:40 AM,2.11,8000,16880,CXA,
10:18:40 AM,2.11,15000,31650,CXA,
10:18:40 AM,2.11,8000,16880,CXA,
10:18:40 AM,2.11,2259,4766.49,CXA,
10:18:40 AM,2.11,4000,8440,ASX,
10:18:40 AM,2.11,466,983.26,ASX,
10:18:40 AM,2.11,5000,10550,ASX,
10:18:40 AM,2.11,5000,10550,ASX,
10:18:40 AM,2.11,97228,205151.08,ASX,
10:17:45 AM,2.11,2772,5848.92,ASX,
10:17:45 AM,2.11,16228,34241.08,ASX,
10:17:35 AM,2.11,1000,2110,CXA,
10:15:44 AM,2.11,2019,4260.09,CXA,
10:14:49 AM,2.12,500,1060,CXA,
10:14:25 AM,2.11,1400,2954,ASX,
10:11:37 AM,2.11,2722,5743.42,CXA,
10:11:37 AM,2.11,1850,3903.5,CXA,
10:11:25 AM,2.11,350,738.5,CXA,
10:10:41 AM,2.11,1800,3798,CXA,
10:10:07 AM,2.11,1372,2894.92,ASX,
10:10:07 AM,2.12,1000,2120,CXA,
10:10:03 AM,2.12,35,74.2,ASX,
10:10:03 AM,2.12,2351,4984.12,ASX,
10:10:03 AM,2.12,9500,20140,ASX,
10:10:03 AM,2.12,471,998.52,ASX,
10:10:03 AM,2.12,15000,31800,ASX,
10:10:03 AM,2.12,10000,21200,ASX,
10:10:03 AM,2.12,1000,2120,ASX,
10:10:03 AM,2.12,2500,5300,ASX,
10:10:03 AM,2.12,643,1363.16,ASX,
10:09:09 AM,2.12,1000,2120,ASX,
10:09:01 AM,2.12,857,1816.84,ASX,
10:09:01 AM,2.12,5000,10600,ASX,
10:09:01 AM,2.12,518,1098.16,ASX,
10:09:01 AM,2.12,3625,7685,ASX,
10:09:01 AM,2.12,107,226.84,ASX,
10:09:01 AM,2.12,8768,18588.16,ASX,
10:09:01 AM,2.12,7042,14929.04,ASX,
10:09:01 AM,2.12,938,1988.56,ASX,
10:09:01 AM,2.12,252,534.24,ASX,
10:09:01 AM,2.12,4748,10065.76,ASX,
10:09:01 AM,2.12,234,496.08,ASX,
10:09:01 AM,2.12,18,38.16,ASX,
10:09:01 AM,2.12,247,523.64,ASX,
10:09:01 AM,2.12,211,447.32,ASX,
10:09:01 AM,2.12,282,597.84,ASX,
10:09:01 AM,2.12,5718,12122.16,ASX,
10:09:01 AM,2.12,466,987.92,ASX,XT
10:09:01 AM,2.12,5374,11392.88,ASX,XT
10:09:01 AM,2.12,868,1840.16,ASX,
10:09:01 AM,2.12,4500,9540,ASX,XT
10:09:01 AM,2.12,14632,31019.84,ASX,
10:09:01 AM,2.12,4000,8480,ASX,
10:09:01 AM,2.12,1368,2900.16,ASX,
10:09:01 AM,2.12,132,279.84,ASX,XT
10:09:01 AM,2.12,93,197.16,ASX,
10:09:01 AM,2.12,555,1176.6,ASX,
10:09:01 AM,2.12,90,190.8,ASX,
