Time,Price $,Volume,Value $,Market,Condition
4:10:16 PM,73.71,135,9950.85,ASX,
4:10:16 PM,73.71,27,1990.17,ASX,
4:10:16 PM,73.71,13,958.23,ASX,
4:10:16 PM,73.71,1000,73710,ASX,
4:10:16 PM,73.71,276,20343.96,ASX,
4:10:16 PM,73.71,1903,140270.13,ASX,
4:10:16 PM,73.71,675,49754.25,ASX,
4:10:16 PM,73.71,125,9213.75,ASX,
4:10:16 PM,73.71,20,1474.2,ASX,
4:10:16 PM,73.71,676,49827.96,ASX,
4:10:16 PM,73.71,405,29852.55,ASX,
4:10:16 PM,73.71,150,11056.5,ASX,
4:10:16 PM,73.71,40,2948.4,ASX,
4:10:16 PM,73.71,340,25061.4,ASX,
4:10:16 PM,73.71,135,9950.85,ASX,
4:10:16 PM,73.71,40,2948.4,ASX,
4:10:16 PM,73.71,135,9950.85,ASX,
4:10:16 PM,73.71,324,23882.04,ASX,
4:10:16 PM,73.71,1000,73710,ASX,
4:10:16 PM,73.71,70,5159.7,ASX,
4:10:16 PM,73.71,108,7960.68,ASX,
4:10:16 PM,73.71,67,4938.57,ASX,
4:10:16 PM,73.71,100,7371,ASX,
4:10:16 PM,73.71,41,3022.11,ASX,
4:10:16 PM,73.71,2000,147420,ASX,
4:10:16 PM,73.71,100,7371,ASX,
4:10:16 PM,73.71,135,9950.85,ASX,
4:10:16 PM,73.71,13,958.23,ASX,
4:10:16 PM,73.71,50,3685.5,ASX,
4:10:16 PM,73.71,100,7371,ASX,
4:10:16 PM,73.71,13,958.23,ASX,
4:10:16 PM,73.71,135,9950.85,ASX,
4:10:16 PM,73.71,13,958.23,ASX,
4:10:16 PM,73.71,20,1474.2,ASX,
4:10:16 PM,73.71,27,1990.17,ASX,
4:10:16 PM,73.71,13,958.23,ASX,
4:10:16 PM,73.71,67,4938.57,ASX,
4:10:16 PM,73.71,15,1105.65,ASX,
4:10:16 PM,73.71,13,958.23,ASX,
4:10:16 PM,73.71,13,958.23,ASX,
4:10:16 PM,73.71,50,3685.5,ASX,
4:10:16 PM,73.71,135,9950.85,ASX,
4:10:16 PM,73.71,150,11056.5,ASX,
4:10:16 PM,73.71,270,19901.7,ASX,
4:10:16 PM,73.71,14,1031.94,ASX,
4:10:16 PM,73.71,992,73120.32,ASX,
4:10:16 PM,73.71,8,589.68,ASX,
4:10:16 PM,73.71,50,3685.5,ASX,
4:10:16 PM,73.71,135,9950.85,ASX,
4:10:16 PM,73.71,135,9950.85,ASX,
4:10:16 PM,73.71,135,9950.85,ASX,
4:10:16 PM,73.71,136,10024.56,ASX,
4:10:16 PM,73.71,200,14742,ASX,
4:10:16 PM,73.71,27,1990.17,ASX,
4:10:16 PM,73.71,708,52186.68,ASX,
4:10:16 PM,73.71,675,49754.25,ASX,
4:10:16 PM,73.71,400,29484,ASX,
4:10:16 PM,73.71,7,515.97,ASX,
4:10:16 PM,73.71,729,53734.59,ASX,
4:10:16 PM,73.71,1776,130908.96,ASX,
4:10:16 PM,73.71,500,36855,ASX,
4:10:16 PM,73.71,20,1474.2,ASX,
4:10:16 PM,73.71,202,14889.42,ASX,
4:10:16 PM,73.71,28,2063.88,ASX,
4:10:16 PM,73.71,500,36855,ASX,
4:10:16 PM,73.71,15,1105.65,ASX,
4:10:16 PM,73.71,100,7371,ASX,
4:10:16 PM,73.71,67,4938.57,ASX,
4:10:16 PM,73.71,134,9877.14,ASX,
4:10:16 PM,73.71,9,663.39,ASX,
4:10:16 PM,73.71,2505,184643.55,ASX,
4:10:16 PM,73.71,130,9582.3,ASX,
4:10:16 PM,73.71,134,9877.14,ASX,
4:10:16 PM,73.71,60,4422.6,ASX,
4:10:16 PM,73.71,40,2948.4,ASX,
4:10:16 PM,73.71,200,14742,ASX,
4:10:16 PM,73.71,50,3685.5,ASX,
4:10:16 PM,73.71,672,49533.12,ASX,
4:10:16 PM,73.71,15,1105.65,ASX,
4:10:16 PM,73.71,60,4422.6,ASX,
4:10:16 PM,73.71,40,2948.4,ASX,
4:10:16 PM,73.71,134,9877.14,ASX,
4:10:16 PM,73.71,40,2948.4,ASX,
4:10:16 PM,73.71,270,19901.7,ASX,
4:10:16 PM,73.71,64,4717.44,ASX,
4:10:16 PM,73.71,40,2948.4,ASX,
4:10:16 PM,73.71,106,7813.26,ASX,
4:10:16 PM,73.71,40,2948.4,ASX,
4:10:16 PM,73.71,500,36855,ASX,
4:10:16 PM,73.71,125,9213.75,ASX,
4:10:16 PM,73.71,67,4938.57,ASX,
4:10:16 PM,73.71,336,24766.56,ASX,
4:10:16 PM,73.71,176,12972.96,ASX,
4:10:16 PM,73.71,327,24103.17,ASX,
4:10:16 PM,73.71,503,37076.13,ASX,
4:10:16 PM,73.71,268,19754.28,ASX,
4:10:16 PM,73.71,13,958.23,ASX,
4:10:16 PM,73.71,55,4054.05,ASX,
4:10:16 PM,73.71,100,7371,ASX,
4:10:16 PM,73.71,267,19680.57,ASX,
4:10:16 PM,73.71,64,4717.44,ASX,
4:10:16 PM,73.71,14,1031.94,ASX,
4:10:16 PM,73.71,16,1179.36,ASX,
4:10:16 PM,73.71,13,958.23,ASX,
4:10:16 PM,73.71,52,3832.92,ASX,
4:10:16 PM,73.71,38,2800.98,ASX,
4:10:16 PM,73.71,13,958.23,ASX,
4:10:16 PM,73.71,128,9434.88,ASX,
4:10:16 PM,73.71,58,4275.18,ASX,
4:10:16 PM,73.71,26,1916.46,ASX,
4:10:16 PM,73.71,70,5159.7,ASX,
4:10:16 PM,73.71,70,5159.7,ASX,
4:10:16 PM,73.71,14,1031.94,ASX,
4:10:16 PM,73.71,12,884.52,ASX,
4:10:16 PM,73.71,10,737.1,ASX,
4:10:16 PM,73.71,38,2800.98,ASX,
4:10:16 PM,73.71,13,958.23,ASX,
4:10:16 PM,73.71,34,2506.14,ASX,
4:10:16 PM,73.71,24,1769.04,ASX,
4:10:16 PM,73.71,62,4570.02,ASX,
4:10:16 PM,73.71,26,1916.46,ASX,
4:10:16 PM,73.71,98,7223.58,ASX,
4:10:16 PM,73.71,89,6560.19,ASX,
4:10:16 PM,73.71,34,2506.14,ASX,
4:10:16 PM,73.71,12,884.52,ASX,
4:10:16 PM,73.71,13,958.23,ASX,
4:10:16 PM,73.71,163,12014.73,ASX,
4:10:16 PM,73.71,12,884.52,ASX,
4:10:16 PM,73.71,19,1400.49,ASX,
4:10:16 PM,73.71,12,884.52,ASX,
4:10:16 PM,73.71,21,1547.91,ASX,
4:10:16 PM,73.71,21,1547.91,ASX,
4:10:16 PM,73.71,51,3759.21,ASX,
4:10:16 PM,73.71,31,2285.01,ASX,
4:10:16 PM,73.71,28,2063.88,ASX,
4:10:16 PM,73.71,49,3611.79,ASX,
4:10:16 PM,73.71,21,1547.91,ASX,
4:10:16 PM,73.71,13,958.23,ASX,
4:10:16 PM,73.71,36,2653.56,ASX,
4:10:16 PM,73.71,14,1031.94,ASX,
4:10:16 PM,73.71,26,1916.46,ASX,
4:10:16 PM,73.71,13,958.23,ASX,
4:10:16 PM,73.71,11,810.81,ASX,
4:10:16 PM,73.71,12,884.52,ASX,
4:10:16 PM,73.71,26,1916.46,ASX,
4:10:16 PM,73.71,18,1326.78,ASX,
4:10:16 PM,73.71,22,1621.62,ASX,
4:10:16 PM,73.71,36,2653.56,ASX,
4:10:16 PM,73.71,15,1105.65,ASX,
4:10:16 PM,73.71,26,1916.46,ASX,
4:10:16 PM,73.71,58,4275.18,ASX,
4:10:16 PM,73.71,10,737.1,ASX,
4:10:16 PM,73.71,39,2874.69,ASX,
4:10:16 PM,73.71,29,2137.59,ASX,
4:10:16 PM,73.71,37,2727.27,ASX,
4:10:16 PM,73.71,35,2579.85,ASX,
4:10:16 PM,73.71,13,958.23,ASX,
4:10:16 PM,73.71,18,1326.78,ASX,
4:10:16 PM,73.71,39,2874.69,ASX,
4:10:16 PM,73.71,32,2358.72,ASX,
4:10:16 PM,73.71,30,2211.3,ASX,
4:10:16 PM,73.71,32,2358.72,ASX,
4:10:16 PM,73.71,15,1105.65,ASX,
4:10:16 PM,73.71,26,1916.46,ASX,
4:10:16 PM,73.71,37,2727.27,ASX,
4:10:16 PM,73.71,25,1842.75,ASX,
4:10:16 PM,73.71,21,1547.91,ASX,
4:10:16 PM,73.71,15,1105.65,ASX,
4:10:16 PM,73.71,32,2358.72,ASX,
4:10:16 PM,73.71,28,2063.88,ASX,
4:10:16 PM,73.71,15,1105.65,ASX,
4:10:16 PM,73.71,12,884.52,ASX,
4:10:16 PM,73.71,19,1400.49,ASX,
4:10:16 PM,73.71,139,10245.69,ASX,
4:10:16 PM,73.71,99,7297.29,ASX,
4:10:16 PM,73.71,18,1326.78,ASX,
4:10:16 PM,73.71,37,2727.27,ASX,
4:10:16 PM,73.71,13,958.23,ASX,
4:10:16 PM,73.71,63,4643.73,ASX,
4:10:16 PM,73.71,94,6928.74,ASX,
4:10:16 PM,73.71,24,1769.04,ASX,
4:10:16 PM,73.71,40,2948.4,ASX,
4:10:16 PM,73.71,30,2211.3,ASX,
4:10:16 PM,73.71,14,1031.94,ASX,
4:10:16 PM,73.71,28,2063.88,ASX,
4:10:16 PM,73.71,28,2063.88,ASX,
4:10:16 PM,73.71,47,3464.37,ASX,
4:10:16 PM,73.71,29,2137.59,ASX,
4:10:16 PM,73.71,40,2948.4,ASX,
4:10:16 PM,73.71,59,4348.89,ASX,
4:10:16 PM,73.71,22,1621.62,ASX,
4:10:16 PM,73.71,29,2137.59,ASX,
4:10:16 PM,73.71,16,1179.36,ASX,
4:10:16 PM,73.71,53,3906.63,ASX,
4:10:16 PM,73.71,28,2063.88,ASX,
4:10:16 PM,73.71,20,1474.2,ASX,
4:10:16 PM,73.71,23,1695.33,ASX,
4:10:16 PM,73.71,109,8034.39,ASX,
4:10:16 PM,73.71,25,1842.75,ASX,
4:10:16 PM,73.71,94,6928.74,ASX,
4:10:16 PM,73.71,36,2653.56,ASX,
4:10:16 PM,73.71,18,1326.78,ASX,
4:10:16 PM,73.71,15,1105.65,ASX,
4:10:16 PM,73.71,18,1326.78,ASX,
4:10:16 PM,73.71,42,3095.82,ASX,
4:10:16 PM,73.71,35,2579.85,ASX,
4:10:16 PM,73.71,37,2727.27,ASX,
4:10:16 PM,73.71,40,2948.4,ASX,
4:10:16 PM,73.71,29,2137.59,ASX,
4:10:16 PM,73.71,47,3464.37,ASX,
4:10:16 PM,73.71,104,7665.84,ASX,
4:10:16 PM,73.71,14,1031.94,ASX,
4:10:16 PM,73.71,24,1769.04,ASX,
4:10:16 PM,73.71,14,1031.94,ASX,
4:10:16 PM,73.71,50,3685.5,ASX,
4:10:16 PM,73.71,70,5159.7,ASX,
4:10:16 PM,73.71,18,1326.78,ASX,
4:10:16 PM,73.71,43,3169.53,ASX,
4:10:16 PM,73.71,15,1105.65,ASX,
4:10:16 PM,73.71,41,3022.11,ASX,
4:10:16 PM,73.71,23,1695.33,ASX,
4:10:16 PM,73.71,60,4422.6,ASX,
4:10:16 PM,73.71,10,737.1,ASX,
4:10:16 PM,73.71,17,1253.07,ASX,
4:10:16 PM,73.71,10,737.1,ASX,
4:10:16 PM,73.71,49,3611.79,ASX,
4:10:16 PM,73.71,33,2432.43,ASX,
4:10:16 PM,73.71,25,1842.75,ASX,
4:10:16 PM,73.71,55,4054.05,ASX,
4:10:16 PM,73.71,14,1031.94,ASX,
4:10:16 PM,73.71,18,1326.78,ASX,
4:10:16 PM,73.71,67,4938.57,ASX,
4:10:16 PM,73.71,69,5085.99,ASX,
4:10:16 PM,73.71,32,2358.72,ASX,
4:10:16 PM,73.71,21,1547.91,ASX,
4:10:16 PM,73.71,13,958.23,ASX,
4:10:16 PM,73.71,19,1400.49,ASX,
4:10:16 PM,73.71,15,1105.65,ASX,
4:10:16 PM,73.71,22,1621.62,ASX,
4:10:16 PM,73.71,16,1179.36,ASX,
4:10:16 PM,73.71,60,4422.6,ASX,
4:10:16 PM,73.71,27,1990.17,ASX,
4:10:16 PM,73.71,30,2211.3,ASX,
4:10:16 PM,73.71,38,2800.98,ASX,
4:10:16 PM,73.71,20,1474.2,ASX,
4:10:16 PM,73.71,51,3759.21,ASX,
4:10:16 PM,73.71,58,4275.18,ASX,
4:10:16 PM,73.71,162,11941.02,ASX,
4:10:16 PM,73.71,13,958.23,ASX,
4:10:16 PM,73.71,26,1916.46,ASX,
4:10:16 PM,73.71,29,2137.59,ASX,
4:10:16 PM,73.71,45,3316.95,ASX,
4:10:16 PM,73.71,17,1253.07,ASX,
4:10:16 PM,73.71,13,958.23,ASX,
4:10:16 PM,73.71,38,2800.98,ASX,
4:10:16 PM,73.71,30,2211.3,ASX,
4:10:16 PM,73.71,10,737.1,ASX,
4:10:16 PM,73.71,13,958.23,ASX,
4:10:16 PM,73.71,10,737.1,ASX,
4:10:16 PM,73.71,30,2211.3,ASX,
4:10:16 PM,73.71,10,737.1,ASX,
4:10:16 PM,73.71,41,3022.11,ASX,
4:10:16 PM,73.71,28,2063.88,ASX,
4:10:16 PM,73.71,13,958.23,ASX,
4:10:16 PM,73.71,10,737.1,ASX,
4:10:16 PM,73.71,35,2579.85,ASX,
4:10:16 PM,73.71,30,2211.3,ASX,
4:10:16 PM,73.71,59,4348.89,ASX,
4:10:16 PM,73.71,64,4717.44,ASX,
4:10:16 PM,73.71,35,2579.85,ASX,
4:10:16 PM,73.71,12,884.52,ASX,
4:10:16 PM,73.71,13,958.23,ASX,
4:10:16 PM,73.71,48,3538.08,ASX,
4:10:16 PM,73.71,14,1031.94,ASX,
4:10:16 PM,73.71,14,1031.94,ASX,
4:10:16 PM,73.71,11,810.81,ASX,
4:10:16 PM,73.71,13,958.23,ASX,
4:10:16 PM,73.71,13,958.23,ASX,
4:10:16 PM,73.71,19,1400.49,ASX,
4:10:16 PM,73.71,14,1031.94,ASX,
4:10:16 PM,73.71,255,18796.05,ASX,
4:10:16 PM,73.71,11,810.81,ASX,
4:10:16 PM,73.71,21,1547.91,ASX,
4:10:16 PM,73.71,22,1621.62,ASX,
4:10:16 PM,73.71,13,958.23,ASX,
4:10:16 PM,73.71,13,958.23,ASX,
4:10:16 PM,73.71,68,5012.28,ASX,
4:10:16 PM,73.71,24,1769.04,ASX,
4:10:16 PM,73.71,33,2432.43,ASX,
4:10:16 PM,73.71,47,3464.37,ASX,
4:10:16 PM,73.71,10,737.1,ASX,
4:10:16 PM,73.71,14,1031.94,ASX,
4:10:16 PM,73.71,10,737.1,ASX,
4:10:16 PM,73.71,27,1990.17,ASX,
4:10:16 PM,73.71,63,4643.73,ASX,
4:10:16 PM,73.71,15,1105.65,ASX,
4:10:16 PM,73.71,14,1031.94,ASX,
4:10:16 PM,73.71,43,3169.53,ASX,
4:10:16 PM,73.71,22,1621.62,ASX,
4:10:16 PM,73.71,47,3464.37,ASX,
4:10:16 PM,73.71,12,884.52,ASX,
4:10:16 PM,73.71,13,958.23,ASX,
4:10:16 PM,73.71,61,4496.31,ASX,
4:10:16 PM,73.71,20,1474.2,ASX,
4:10:16 PM,73.71,20,1474.2,ASX,
4:10:16 PM,73.71,14,1031.94,ASX,
4:10:16 PM,73.71,30,2211.3,ASX,
4:10:16 PM,73.71,27,1990.17,ASX,
4:10:16 PM,73.71,23,1695.33,ASX,
4:10:16 PM,73.71,49,3611.79,ASX,
4:10:16 PM,73.71,28,2063.88,ASX,
4:10:16 PM,73.71,17,1253.07,ASX,
4:10:16 PM,73.71,42,3095.82,ASX,
4:10:16 PM,73.71,71,5233.41,ASX,
4:10:16 PM,73.71,16,1179.36,ASX,
4:10:16 PM,73.71,63,4643.73,ASX,
4:10:16 PM,73.71,15,1105.65,ASX,
4:10:16 PM,73.71,45,3316.95,ASX,
4:10:16 PM,73.71,11,810.81,ASX,
4:10:16 PM,73.71,14,1031.94,ASX,
4:10:16 PM,73.71,18,1326.78,ASX,
4:10:16 PM,73.71,13,958.23,ASX,
4:10:16 PM,73.71,37,2727.27,ASX,
4:10:16 PM,73.71,13,958.23,ASX,
4:10:16 PM,73.71,12,884.52,ASX,
4:10:16 PM,73.71,33,2432.43,ASX,
4:10:16 PM,73.71,43,3169.53,ASX,
4:10:16 PM,73.71,46,3390.66,ASX,
4:10:16 PM,73.71,31,2285.01,ASX,
4:10:16 PM,73.71,22,1621.62,ASX,
4:10:16 PM,73.71,66,4864.86,ASX,
4:10:16 PM,73.71,49,3611.79,ASX,
4:10:16 PM,73.71,49,3611.79,ASX,
4:10:16 PM,73.71,16,1179.36,ASX,
4:10:16 PM,73.71,30,2211.3,ASX,
4:10:16 PM,73.71,25,1842.75,ASX,
4:10:16 PM,73.71,13,958.23,ASX,
4:10:16 PM,73.71,40,2948.4,ASX,
4:10:16 PM,73.71,10,737.1,ASX,
4:10:16 PM,73.71,19,1400.49,ASX,
4:10:16 PM,73.71,27,1990.17,ASX,
4:10:16 PM,73.71,40,2948.4,ASX,
4:10:16 PM,73.71,13,958.23,ASX,
4:10:16 PM,73.71,350,25798.5,ASX,
3:59:56 PM,74.35,2000,148700,ASX,
3:59:46 PM,74.36,118,8774.48,ASX,
3:59:37 PM,74.43,58,4316.94,CXA,
3:59:17 PM,74.43,201,14960.43,CXA,
3:59:09 PM,74.4,89,6621.6,ASX,
3:59:09 PM,74.4,40,2976,CXA,
3:59:09 PM,74.4,52,3868.8,CXA,
3:59:09 PM,74.4,131,9746.4,ASX,
3:59:08 PM,74.4,100,7440,ASX,
3:59:08 PM,74.4,134,9969.6,ASX,
3:59:08 PM,74.4,100,7440,ASX,
3:59:08 PM,74.4,138,10267.2,ASX,
3:59:08 PM,74.4,130,9672,ASX,
3:59:08 PM,74.4,60,4464,ASX,
3:59:08 PM,74.4,45,3348,ASX,
3:59:07 PM,74.41,128,9524.48,ASX,
3:59:07 PM,74.42,72,5358.24,CXA,
3:59:06 PM,74.41,22,1637.02,ASX,
3:59:05 PM,74.42,48,3572.16,CXA,
3:59:05 PM,74.42,72,5358.24,CXA,
3:59:05 PM,74.42,87,6474.54,CXA,
3:59:04 PM,74.41,61,4539.01,ASX,
3:59:04 PM,74.41,150,11161.5,ASX,
3:59:04 PM,74.41,97,7217.77,ASX,
3:59:01 PM,74.41,53,3943.73,ASX,
3:59:01 PM,74.42,64,4762.88,ASX,
3:58:55 PM,74.4,28,2083.2,ASX,
3:58:55 PM,74.4,26,1934.4,ASX,XT
3:58:55 PM,74.4,26,1934.4,ASX,
3:58:55 PM,74.41,44,3274.04,ASX,
3:58:55 PM,74.41,7,520.87,ASX,
3:58:50 PM,74.43,8,595.44,ASX,
3:58:41 PM,74.45,30,2233.5,ASX,
3:58:41 PM,74.45,187,13922.15,ASX,
3:58:41 PM,74.45,150,11167.5,ASX,
3:58:36 PM,74.47,44,3276.68,ASX,
3:58:36 PM,74.48,1606,119614.88,CXA,
3:58:34 PM,74.47,66,4915.02,ASX,
3:58:30 PM,74.47,40,2978.8,ASX,
3:58:28 PM,74.48,214,15938.72,CXA,
3:58:27 PM,74.47,63,4691.61,ASX,
3:58:27 PM,74.47,59,4393.73,ASX,
3:58:26 PM,74.47,50,3723.5,ASX,
3:58:15 PM,74.47,17,1265.99,ASX,
3:58:15 PM,74.47,117,8712.99,ASX,
3:58:03 PM,74.46,27,2010.42,ASX,
3:58:03 PM,74.47,33,2457.51,ASX,
3:58:03 PM,74.48,17,1266.16,ASX,
3:58:03 PM,74.48,44,3277.12,ASX,
3:58:02 PM,74.5,134,9983,ASX,
3:58:02 PM,74.5,250,18625,ASX,
3:58:02 PM,74.5,76,5662,ASX,
3:58:02 PM,74.5,50,3725,ASX,
3:58:02 PM,74.5,26,1937,ASX,
3:58:02 PM,74.5,108,8046,ASX,
3:58:02 PM,74.5,134,9983,ASX,
3:58:02 PM,74.5,10,745,ASX,
3:58:02 PM,74.5,15,1117.5,ASX,
3:57:46 PM,74.51,100,7451,ASX,
3:57:39 PM,74.53,13,968.89,ASX,
3:57:37 PM,74.5,5,372.5,ASX,
3:57:37 PM,74.5,27,2011.5,ASX,
3:57:37 PM,74.5,13,968.5,ASX,XT
3:57:37 PM,74.5,530,39485,ASX,
3:57:36 PM,74.5,141,10504.5,ASX,
3:57:36 PM,74.5,27,2011.5,ASX,
3:57:36 PM,74.5,71,5289.5,ASX,
3:57:36 PM,74.51,147,10952.97,ASX,
3:57:36 PM,74.51,150,11176.5,ASX,
3:57:35 PM,74.5,191,14229.5,ASX,
3:57:35 PM,74.51,150,11176.5,ASX,
3:57:35 PM,74.51,200,14902,ASX,
3:57:35 PM,74.51,150,11176.5,ASX,
3:57:30 PM,74.54,67,4994.18,CXA,
3:57:25 PM,74.53,30,2235.9,CXA,
3:57:21 PM,74.53,250,18632.5,CXA,
3:57:12 PM,74.53,25,1863.25,ASX,
3:57:12 PM,74.53,16,1192.48,ASX,
3:57:11 PM,74.53,134,9987.02,ASX,
3:57:07 PM,74.53,6,447.18,CXA,
3:56:54 PM,74.53,135,10061.55,CXA,
3:56:50 PM,74.53,100,7453,CXA,
3:56:46 PM,74.5,38,2831,ASX,
3:56:46 PM,74.5,46,3427,ASX,
3:56:46 PM,74.51,150,11176.5,ASX,
3:56:45 PM,74.53,26,1937.78,ASX,
3:56:32 PM,74.52,322,23995.44,CXA,
3:56:32 PM,74.52,90,6706.8,CXA,
3:56:16 PM,74.51,67,4992.17,ASX,
3:56:06 PM,74.53,150,11179.5,ASX,
3:56:06 PM,74.54,520,38760.8,CXA,
3:55:58 PM,74.53,50,3726.5,ASX,
3:55:58 PM,74.53,150,11179.5,ASX,
3:55:55 PM,74.52,134,9985.68,ASX,
3:55:48 PM,74.55,66,4920.3,ASX,
3:55:33 PM,74.54,320,23852.8,CXA,
3:55:24 PM,74.55,198,14760.9,ASX,
3:55:24 PM,74.55,137,10213.35,ASX,
3:55:19 PM,74.55,13,969.15,ASX,
3:55:08 PM,74.55,268,19979.4,CXA,
3:55:05 PM,74.53,121,9018.13,ASX,
3:55:03 PM,74.55,350,26092.5,ASX,
3:55:03 PM,74.55,150,11182.5,ASX,
3:54:45 PM,74.56,253,18863.68,ASX,
3:54:45 PM,74.56,150,11184,ASX,
3:54:45 PM,74.57,97,7233.29,CXA,
3:54:28 PM,74.53,1561,116341.33,ASX,
3:54:28 PM,74.53,861,64170.33,ASX,
3:54:28 PM,74.53,1000,74530,ASX,
3:54:28 PM,74.53,1000,74530,ASX,
3:54:28 PM,74.53,600,44718,ASX,
3:54:28 PM,74.53,1441,107397.73,ASX,
3:54:07 PM,74.52,2654,197776.08,CXA,
3:54:03 PM,74.52,65,4843.8,ASX,
3:53:58 PM,74.51,1,74.51,CXA,
3:53:58 PM,74.51,40,2980.4,CXA,
3:53:58 PM,74.51,1,74.51,ASX,
3:53:48 PM,74.53,52,3875.56,ASX,
3:53:34 PM,74.52,47,3502.44,ASX,
3:53:34 PM,74.52,153,11401.56,ASX,
3:53:33 PM,74.52,40,2980.8,ASX,
3:53:33 PM,74.52,150,11178,ASX,
3:53:33 PM,74.52,150,11178,ASX,
3:53:25 PM,74.51,55,4098.05,ASX,
3:53:25 PM,74.51,327,24364.77,ASX,
3:53:25 PM,74.51,230,17137.3,ASX,
3:53:25 PM,74.51,278,20713.78,ASX,
3:53:24 PM,74.53,300,22359,ASX,
3:53:18 PM,74.52,13,968.76,ASX,
3:52:58 PM,74.5,4,298,ASX,
3:52:58 PM,74.5,40,2980,ASX,
3:52:58 PM,74.5,134,9983,ASX,
3:52:58 PM,74.5,200,14900,ASX,
3:52:58 PM,74.5,33,2458.5,ASX,
3:52:58 PM,74.5,53,3948.5,ASX,
3:52:51 PM,74.51,150,11176.5,ASX,
3:52:37 PM,74.53,50,3726.5,CXA,
3:52:27 PM,74.51,242,18031.42,ASX,
3:52:26 PM,74.52,118,8793.36,ASX,
3:52:26 PM,74.52,284,21163.68,ASX,
3:52:19 PM,74.54,100,7454,ASX,
3:52:13 PM,74.53,150,11179.5,ASX,
3:52:09 PM,74.55,248,18488.4,ASX,
3:52:02 PM,74.53,66,4918.98,ASX,
3:52:00 PM,74.56,250,18640,CXA,
3:51:58 PM,74.56,40,2982.4,ASX,
3:51:47 PM,74.59,3,223.77,ASX,
3:51:45 PM,74.59,200,14918,ASX,
3:51:38 PM,74.53,1162,86603.86,ASX,
3:51:38 PM,74.53,940,70058.2,ASX,
3:51:38 PM,74.53,134,9987.02,ASX,XT
3:51:38 PM,74.53,17,1267.01,ASX,
3:51:38 PM,74.53,117,8720.01,ASX,
3:51:38 PM,74.54,1067,79534.18,ASX,
3:51:38 PM,74.54,150,11181,ASX,
3:51:38 PM,74.55,13,969.15,ASX,XT
3:51:38 PM,74.53,2500,186325,CXA,
3:51:28 PM,74.53,4,298.12,ASX,
3:51:28 PM,74.53,11,819.83,ASX,
3:51:28 PM,74.54,201,14982.54,ASX,
3:51:28 PM,74.55,140,10437,ASX,
3:51:20 PM,74.6,66,4923.6,CXA,
3:51:14 PM,74.57,35,2609.95,ASX,
3:51:14 PM,74.57,100,7457,ASX,
3:51:14 PM,74.57,123,9172.11,ASX,
3:51:14 PM,74.57,178,13273.46,ASX,
3:51:13 PM,74.57,47,3504.79,ASX,
3:51:13 PM,74.57,23,1715.11,ASX,
3:51:13 PM,74.57,104,7755.28,ASX,
3:51:13 PM,74.57,114,8500.98,ASX,
3:51:13 PM,74.57,100,7457,ASX,
3:51:13 PM,74.57,72,5369.04,ASX,
3:51:13 PM,74.57,50,3728.5,ASX,
3:51:03 PM,74.58,55,4101.9,CXA,
3:50:35 PM,74.59,8,596.72,CXA,
3:50:31 PM,74.58,35,2610.3,CXA,
3:50:31 PM,74.58,134,9993.72,ASX,
3:50:21 PM,74.57,66,4921.62,ASX,
3:50:19 PM,74.59,250,18647.5,CXA,
3:50:11 PM,74.58,70,5220.6,CXA,
3:50:05 PM,74.53,139,10359.67,ASX,
3:50:05 PM,74.55,67,4994.85,ASX,
3:50:05 PM,74.55,6,447.3,ASX,
3:50:02 PM,74.57,16,1193.12,CXA,
3:49:58 PM,74.56,75,5592,CXA,
3:49:33 PM,74.59,2,149.18,ASX,
3:49:21 PM,74.55,150,11182.5,ASX,
3:49:21 PM,74.56,131,9767.36,CXA,
3:49:21 PM,74.56,344,25648.64,CXA,
3:49:21 PM,74.56,134,9991.04,CXA,
3:49:21 PM,74.56,112,8350.72,CXA,
3:49:21 PM,74.56,458,34148.48,CXA,
3:49:14 PM,74.55,134,9989.7,ASX,
3:49:14 PM,74.55,119,8871.45,ASX,
3:49:14 PM,74.56,70,5219.2,ASX,
3:49:14 PM,74.56,26,1938.56,ASX,
3:49:11 PM,74.58,670,49968.6,ASX,
3:49:10 PM,74.58,669,49894.02,CXA,
3:48:48 PM,74.59,2,149.18,CXA,
3:48:28 PM,74.58,5,372.9,ASX,
3:48:28 PM,74.58,81,6040.98,ASX,
3:48:23 PM,74.6,50,3730,ASX,
3:48:23 PM,74.6,400,29840,ASX,
3:48:10 PM,74.63,80,5970.4,CXA,
3:48:02 PM,74.61,334,24919.74,CXA,
3:47:50 PM,74.59,33,2461.47,ASX,
3:47:48 PM,74.6,535,39911,ASX,
3:47:41 PM,74.6,65,4849,ASX,
3:47:35 PM,74.6,70,5222,ASX,
3:47:24 PM,74.62,133,9924.46,ASX,
3:47:16 PM,74.64,100,7464,CXA,
3:47:01 PM,74.65,96,7166.4,ASX,
3:46:48 PM,74.66,66,4927.56,CXA,
3:46:47 PM,74.67,81,6048.27,CXA,
3:46:41 PM,74.68,46,3435.28,ASX,
3:46:34 PM,74.64,13,970.32,ASX,
3:46:24 PM,74.66,40,2986.4,ASX,
3:46:11 PM,74.72,1000,74720,CXA,
3:45:52 PM,74.67,70,5226.9,ASX,
3:45:32 PM,74.66,81,6047.46,CXA,
3:45:27 PM,74.66,1350,100791,CXA,
3:45:08 PM,74.63,33,2462.79,ASX,
3:44:56 PM,74.63,54,4030.02,CXA,
3:44:40 PM,74.65,20,1493,CXA,
3:44:31 PM,74.63,81,6045.03,ASX,
3:44:29 PM,74.65,65,4852.25,CXA,
3:44:20 PM,74.66,500,37330,CXA,
3:44:16 PM,74.66,85,6346.1,ASX,
3:44:04 PM,74.63,20,1492.6,ASX,
3:43:52 PM,74.61,60,4476.6,CXA,
3:43:43 PM,74.57,89,6636.73,ASX,
3:43:37 PM,74.61,266,19846.26,CXA,
3:43:32 PM,74.56,123,9170.88,ASX,
3:43:32 PM,74.57,306,22818.42,ASX,
3:43:32 PM,74.57,150,11185.5,ASX,
3:43:26 PM,74.61,14,1044.54,CXA,
3:43:04 PM,74.6,134,9996.4,ASX,
3:43:04 PM,74.6,134,9996.4,ASX,
3:43:04 PM,74.6,18,1342.8,ASX,
3:43:03 PM,74.6,7,522.2,ASX,
3:43:01 PM,74.62,81,6044.22,CXA,
3:42:53 PM,74.62,100,7462,CXA,
3:42:47 PM,74.63,13,970.19,ASX,
3:42:34 PM,74.61,150,11191.5,ASX,
3:42:22 PM,74.63,45,3358.35,ASX,
3:42:19 PM,74.62,30,2238.6,CXA,
3:42:17 PM,74.63,13,970.19,CXA,
3:42:15 PM,74.63,21,1567.23,ASX,
3:41:59 PM,74.65,133,9928.45,CXA,
3:41:52 PM,74.63,70,5224.1,ASX,
3:41:51 PM,74.63,14,1044.82,ASX,
3:41:45 PM,74.63,334,24926.42,ASX,
3:41:15 PM,74.63,67,5000.21,CXA,
3:41:05 PM,74.63,534,39852.42,CXA,
3:40:58 PM,74.65,46,3433.9,ASX,
3:40:42 PM,74.57,709,52870.13,ASX,
3:40:42 PM,74.58,713,53175.54,ASX,
3:40:42 PM,74.59,905,67503.95,ASX,
3:40:42 PM,74.6,20,1492,ASX,
3:40:42 PM,74.6,13,969.8,ASX,XT
3:40:42 PM,74.56,1672,124664.32,CXA,
3:40:42 PM,74.56,2500,186400,CXA,
3:40:41 PM,74.62,800,59696,CXA,
3:40:38 PM,74.62,100,7462,ASX,
3:40:35 PM,74.67,334,24939.78,CXA,
3:40:32 PM,74.67,670,50028.9,ASX,
3:40:23 PM,74.68,9,672.12,ASX,
3:40:23 PM,74.67,101,7541.67,ASX,
3:40:19 PM,74.67,99,7392.33,ASX,
3:40:13 PM,74.66,70,5226.2,ASX,
3:40:08 PM,74.7,100,7470,CXA,
3:40:03 PM,74.7,9,672.3,ASX,
3:40:02 PM,74.7,83,6200.1,CXA,
3:40:02 PM,74.7,126,9412.2,ASX,
3:39:59 PM,74.7,150,11205,ASX,
3:39:59 PM,74.7,354,26443.8,ASX,
3:39:59 PM,74.7,171,12773.7,ASX,
3:39:49 PM,74.72,185,13823.2,ASX,
3:39:49 PM,74.72,150,11208,ASX,
3:39:46 PM,74.71,40,2988.4,ASX,
3:39:39 PM,74.72,200,14944,ASX,
3:39:30 PM,74.75,927,69293.25,ASX,
3:39:30 PM,74.75,748,55913,ASX,
3:39:24 PM,74.74,132,9865.68,CXA,
3:39:23 PM,74.74,1750,130795,CXA,
3:39:23 PM,74.73,150,11209.5,ASX,
3:39:23 PM,74.74,150,11211,CXA,
3:38:57 PM,74.72,67,5006.24,CXA,
3:38:57 PM,74.72,26,1942.72,CXA,
3:38:54 PM,74.7,265,19795.5,ASX,
3:38:47 PM,74.69,107,7991.83,ASX,
3:38:47 PM,74.69,330,24647.7,CXA,
3:38:08 PM,74.75,15,1121.25,CXA,
3:37:55 PM,74.76,13,971.88,ASX,
3:37:47 PM,74.76,38,2840.88,ASX,
3:37:46 PM,74.76,270,20185.2,CXA,
3:37:40 PM,74.75,4,299,ASX,
3:37:37 PM,74.77,7,523.39,ASX,
3:37:37 PM,74.77,645,48226.65,ASX,
3:37:35 PM,74.77,200,14954,ASX,
3:37:35 PM,74.77,400,29908,ASX,
3:37:06 PM,74.77,133,9944.41,ASX,
3:36:59 PM,74.75,230,17192.5,ASX,
3:36:55 PM,74.75,67,5008.25,CXA,
3:36:45 PM,74.74,536,40060.64,CXA,
3:36:43 PM,74.75,78,5830.5,ASX,
3:36:41 PM,74.72,83,6201.76,ASX,
3:36:23 PM,74.76,135,10092.6,ASX,
3:36:03 PM,74.74,500,37370,ASX,
3:36:03 PM,74.74,150,11211,ASX,
3:35:35 PM,74.69,100,7469,ASX,
3:35:15 PM,74.69,80,5975.2,CXA,
3:35:14 PM,74.69,1675,125105.75,ASX,
3:35:13 PM,74.66,150,11199,ASX,
3:35:03 PM,74.69,14,1045.66,ASX,
3:34:51 PM,74.7,401,29954.7,ASX,
3:33:50 PM,74.7,50,3735,CXA,
3:33:25 PM,74.64,320,23884.8,ASX,
3:33:25 PM,74.64,150,11196,ASX,
3:33:24 PM,74.65,50,3732.5,CXA,
3:33:22 PM,74.65,33,2463.45,ASX,
3:33:15 PM,74.61,600,44766,ASX,
3:33:15 PM,74.61,717,53495.37,ASX,
3:33:15 PM,74.61,283,21114.63,ASX,
3:33:14 PM,74.61,45,3357.45,ASX,
3:33:14 PM,74.61,233,17384.13,ASX,
3:33:14 PM,74.61,572,42676.92,ASX,
3:33:14 PM,74.61,1000,74610,ASX,
3:33:14 PM,74.61,150,11191.5,ASX,
3:33:12 PM,74.6,60,4476,CXA,
3:32:44 PM,74.58,91,6786.78,CXA,
3:32:01 PM,74.54,100,7454,CXA,
3:31:55 PM,74.52,31,2310.12,ASX,
3:31:50 PM,74.5,57,4246.5,ASX,
3:31:42 PM,74.48,7,521.36,ASX,
3:31:25 PM,74.51,15,1117.65,ASX,
3:31:21 PM,74.5,26,1937,ASX,
3:31:19 PM,74.5,134,9983,ASX,
3:31:10 PM,74.51,10,745.1,ASX,
3:31:08 PM,74.51,5,372.55,ASX,
3:30:56 PM,74.51,269,20043.19,CXA,
3:30:40 PM,74.46,150,11169,ASX,
3:30:34 PM,74.51,66,4917.66,CXA,
3:30:11 PM,74.47,110,8191.7,ASX,
3:30:02 PM,74.43,76,5656.68,ASX,
3:29:45 PM,74.41,40,2976.4,ASX,
3:29:39 PM,74.43,68,5061.24,ASX,
3:29:32 PM,74.43,13,967.59,ASX,
3:29:31 PM,74.43,10,744.3,ASX,
3:29:31 PM,74.43,98,7294.14,ASX,
3:29:31 PM,74.43,27,2009.61,ASX,
3:29:30 PM,74.43,22,1637.46,ASX,
3:29:30 PM,74.43,48,3572.64,ASX,
3:29:30 PM,74.43,180,13397.4,ASX,
3:29:27 PM,74.43,100,7443,ASX,
3:29:26 PM,74.43,51,3795.93,ASX,
3:29:26 PM,74.43,150,11164.5,ASX,
3:29:10 PM,74.45,26,1935.7,CXA,
3:29:08 PM,74.42,233,17339.86,ASX,
3:29:08 PM,74.42,517,38475.14,ASX,
3:29:08 PM,74.42,150,11163,ASX,
3:28:48 PM,74.46,13,967.98,CXA,
3:28:48 PM,74.46,30,2233.8,ASX,
3:28:45 PM,74.47,940,70001.8,CXA,
3:28:40 PM,74.48,67,4990.16,CXA,
3:28:39 PM,74.47,458,34107.26,ASX,
3:28:39 PM,74.47,150,11170.5,ASX,
3:28:39 PM,74.48,592,44092.16,CXA,
3:28:16 PM,74.45,270,20101.5,CXA,
3:28:05 PM,74.46,47,3499.62,ASX,
3:28:03 PM,74.46,87,6478.02,ASX,
3:28:01 PM,74.47,29,2159.63,ASX,
3:28:01 PM,74.47,134,9978.98,ASX,
3:27:50 PM,74.46,40,2978.4,ASX,
3:27:17 PM,74.45,300,22335,ASX,
3:27:13 PM,74.43,40,2977.2,ASX,
3:27:02 PM,74.46,33,2457.18,ASX,
3:26:35 PM,74.43,48,3572.64,ASX,
3:26:06 PM,74.45,130,9678.5,CXA,
3:26:04 PM,74.45,49,3648.05,CXA,
3:25:57 PM,74.45,1500,111675,CXA,
3:25:47 PM,74.41,150,11161.5,ASX,
3:25:39 PM,74.42,33,2455.86,ASX,
3:25:07 PM,74.42,9,669.78,ASX,
3:24:46 PM,74.4,237,17632.8,ASX,
3:24:20 PM,74.42,68,5060.56,CXA,
3:23:47 PM,74.39,70,5207.3,CXA,
3:23:33 PM,74.31,18,1337.58,ASX,
3:23:33 PM,74.31,100,7431,ASX,
3:23:32 PM,74.31,88,6539.28,CXA,
3:23:32 PM,74.31,482,35817.42,CXA,
3:23:28 PM,74.29,599,44499.71,ASX,
3:23:28 PM,74.29,172,12777.88,ASX,
3:23:28 PM,74.29,150,11143.5,ASX,
3:23:28 PM,74.29,150,11143.5,ASX,
3:23:20 PM,74.3,67,4978.1,CXA,
3:23:07 PM,74.27,1316,97739.32,ASX,
3:23:07 PM,74.27,282,20944.14,CXA,
3:22:51 PM,74.27,135,10026.45,CXA,
3:22:38 PM,74.28,135,10027.8,CXA,
3:22:35 PM,74.28,135,10027.8,ASX,
3:22:29 PM,74.27,13,965.51,CXA,
3:22:29 PM,74.27,71,5273.17,ASX,
3:22:27 PM,74.28,67,4976.76,CXA,
3:21:45 PM,74.28,300,22284,ASX,
3:21:36 PM,74.28,67,4976.76,CXA,
3:21:28 PM,74.27,107,7946.89,ASX,
3:21:28 PM,74.27,33,2450.91,ASX,XT
3:21:24 PM,74.29,70,5200.3,CXA,
3:21:12 PM,74.3,50,3715,CXA,
3:21:09 PM,74.3,50,3715,CXA,
3:21:05 PM,74.3,100,7430,CXA,
3:21:02 PM,74.31,135,10031.85,CXA,
3:20:39 PM,74.27,3,222.81,ASX,
3:20:39 PM,74.29,266,19761.14,CXA,
3:20:31 PM,74.27,27,2005.29,ASX,
3:20:29 PM,74.27,135,10026.45,CXA,
3:19:47 PM,74.28,50,3714,CXA,
3:19:43 PM,74.27,3,222.81,ASX,
3:19:43 PM,74.27,3,222.81,ASX,
3:19:34 PM,74.26,1021,75819.46,CXA,
3:19:21 PM,74.26,535,39729.1,CXA,
3:19:21 PM,74.26,320,23763.2,CXA,
3:19:21 PM,74.26,925,68690.5,CXA,
3:19:19 PM,74.26,80,5940.8,CXA,
3:19:15 PM,74.27,130,9655.1,CXA,
3:19:11 PM,74.25,3,222.75,ASX,
3:19:05 PM,74.27,2000,148540,CXA,
3:19:02 PM,74.27,40,2970.8,CXA,
3:18:57 PM,74.26,614,45595.64,CXA,
3:18:52 PM,74.29,13,965.77,CXA,
3:18:51 PM,74.29,30,2228.7,CXA,
3:18:43 PM,74.28,4173,309970.44,CXA,
3:18:40 PM,74.28,50,3714,CXA,
3:18:17 PM,74.27,49,3639.23,ASX,
3:18:17 PM,74.27,150,11140.5,ASX,
3:18:15 PM,74.3,40,2972,CXA,
3:18:14 PM,74.26,350,25991,ASX,
3:18:14 PM,74.26,150,11139,ASX,
3:18:05 PM,74.3,40,2972,ASX,
3:17:56 PM,74.29,80,5943.2,ASX,
3:17:56 PM,74.3,68,5052.4,ASX,
3:17:56 PM,74.3,27,2006.1,ASX,
3:17:56 PM,74.3,75,5572.5,ASX,
3:17:56 PM,74.3,51,3789.3,ASX,
3:17:56 PM,74.3,16,1188.8,ASX,
3:17:40 PM,74.35,135,10037.25,CXA,
3:17:32 PM,74.32,448,33295.36,ASX,
3:17:31 PM,74.35,10,743.5,ASX,
3:17:30 PM,74.35,130,9665.5,CXA,
3:17:11 PM,74.37,100,7437,CXA,
3:16:43 PM,74.36,270,20077.2,CXA,
3:16:42 PM,74.35,7,520.45,ASX,
3:16:42 PM,74.35,201,14944.35,ASX,
3:15:57 PM,74.4,268,19939.2,ASX,
3:15:57 PM,74.4,350,26040,ASX,
3:15:57 PM,74.4,1000,74400,ASX,
3:15:57 PM,74.4,30,2232,ASX,
3:15:53 PM,74.41,100,7441,CXA,
3:15:49 PM,74.42,100,7442,ASX,
3:15:41 PM,74.43,75,5582.25,ASX,
3:15:39 PM,74.43,3000,223290,ASX,
3:15:17 PM,74.43,40,2977.2,CXA,
3:15:16 PM,74.43,134,9973.62,CXA,
3:15:14 PM,74.43,250,18607.5,CXA,
3:15:07 PM,74.44,100,7444,CXA,
3:14:57 PM,74.47,2,148.94,ASX,
3:14:52 PM,74.48,70,5213.6,CXA,
3:14:42 PM,74.47,100,7447,CXA,
3:14:33 PM,74.46,670,49888.2,CXA,
3:14:31 PM,74.46,130,9679.8,CXA,
3:14:27 PM,74.48,7736,576177.28,ASX,
3:14:27 PM,74.48,152,11320.96,ASX,
3:14:27 PM,74.48,958,71351.84,ASX,
3:14:27 PM,74.48,1154,85949.92,ASX,
3:14:24 PM,74.5,50,3725,CXA,
3:13:33 PM,74.49,67,4990.83,ASX,
3:13:33 PM,74.49,24,1787.76,CXA,
3:13:24 PM,74.5,642,47829,ASX,
3:13:24 PM,74.5,134,9983,ASX,
3:13:17 PM,74.52,26,1937.52,CXA,
3:13:13 PM,74.52,100,7452,CXA,
3:12:56 PM,74.52,133,9911.16,CXA,
3:12:43 PM,74.53,13,968.89,CXA,
3:12:34 PM,74.52,60,4471.2,ASX,
3:12:32 PM,74.51,60,4470.6,ASX,
3:12:31 PM,74.54,13,969.02,CXA,
3:12:29 PM,74.54,700,52178,CXA,
3:12:14 PM,74.54,66,4919.64,ASX,
3:12:10 PM,74.54,100,7454,ASX,
3:12:10 PM,74.54,27,2012.58,ASX,
3:12:06 PM,74.53,103,7676.59,ASX,
3:12:05 PM,74.54,7,521.78,CXA,
3:11:54 PM,74.55,130,9691.5,CXA,
3:11:51 PM,74.55,15,1118.25,ASX,
3:11:51 PM,74.56,66,4920.96,ASX,
3:11:37 PM,74.59,40,2983.6,CXA,
3:11:23 PM,74.58,2,149.16,ASX,
3:11:23 PM,74.58,11,820.38,ASX,
3:10:40 PM,74.59,9,671.31,CXA,
3:10:20 PM,74.58,86,6413.88,ASX,
3:10:15 PM,74.55,15,1118.25,ASX,
3:10:04 PM,74.55,67,4994.85,ASX,
3:09:58 PM,74.57,66,4921.62,CXA,
3:09:46 PM,74.53,11,819.83,ASX,
3:09:37 PM,74.59,7,522.13,CXA,
3:09:08 PM,74.54,286,21318.44,ASX,
3:09:08 PM,74.54,150,11181,ASX,
3:09:08 PM,74.54,2407,179417.78,CXA,
3:09:06 PM,74.54,93,6932.22,CXA,
3:08:59 PM,74.55,268,19979.4,ASX,
3:08:35 PM,74.56,80,5964.8,ASX,
3:08:32 PM,74.56,130,9692.8,ASX,
3:08:28 PM,74.56,91,6784.96,ASX,
3:08:00 PM,74.59,300,22377,CXA,
3:07:55 PM,74.59,150,11188.5,CXA,
3:07:54 PM,74.59,27,2013.93,ASX,
3:07:20 PM,74.58,25,1864.5,ASX,
3:05:59 PM,74.52,11,819.72,ASX,
3:05:32 PM,74.5,16,1192,CXA,
3:04:55 PM,74.44,70,5210.8,CXA,
3:04:34 PM,74.44,174,12952.56,ASX,
3:04:34 PM,74.44,307,22853.08,ASX,
3:04:33 PM,74.44,319,23746.36,ASX,
3:04:27 PM,74.42,3,223.26,ASX,
3:04:14 PM,74.42,134,9972.28,CXA,
3:04:02 PM,74.42,500,37210,CXA,
3:03:59 PM,74.4,27,2008.8,ASX,
3:03:59 PM,74.4,67,4984.8,ASX,
3:03:59 PM,74.4,130,9672,ASX,
3:03:53 PM,74.43,26,1935.18,ASX,
3:03:40 PM,74.48,268,19960.64,ASX,
3:03:25 PM,74.45,120,8934,ASX,
3:03:21 PM,74.49,70,5214.3,ASX,
3:03:01 PM,74.46,246,18317.16,ASX,
3:02:59 PM,74.46,13,967.98,ASX,
3:02:49 PM,74.48,11,819.28,ASX,
3:02:25 PM,74.49,10,744.9,CXA,
3:02:21 PM,74.45,43,3201.35,ASX,
3:02:21 PM,74.47,100,7447,ASX,
3:02:10 PM,74.49,40,2979.6,ASX,
3:02:03 PM,74.49,27,2011.23,ASX,
3:01:34 PM,74.47,66,4915.02,ASX,
3:01:27 PM,74.47,10,744.7,ASX,
3:01:27 PM,74.47,3,223.41,ASX,
3:01:18 PM,74.46,67,4988.82,ASX,
3:01:16 PM,74.46,100,7446,ASX,
3:00:44 PM,74.43,68,5061.24,ASX,
3:00:38 PM,74.46,132,9828.72,CXA,
3:00:31 PM,74.45,32,2382.4,ASX,
3:00:24 PM,74.45,18,1340.1,ASX,
3:00:24 PM,74.45,53,3945.85,ASX,
3:00:13 PM,74.47,92,6851.24,ASX,
3:00:13 PM,74.48,38,2830.24,CXA,
3:00:11 PM,74.47,58,4319.26,ASX,
3:00:11 PM,74.5,245,18252.5,ASX,
3:00:11 PM,74.5,671,49989.5,ASX,
3:00:11 PM,74.5,67,4991.5,ASX,
3:00:11 PM,74.5,67,4991.5,ASX,
3:00:11 PM,74.5,67,4991.5,ASX,
3:00:11 PM,74.5,150,11175,ASX,
3:00:11 PM,74.5,50,3725,ASX,
3:00:11 PM,74.5,13,968.5,ASX,
3:00:11 PM,74.5,60,4470,ASX,
3:00:11 PM,74.5,1342,99979,ASX,
3:00:11 PM,74.5,243,18103.5,ASX,
3:00:11 PM,74.5,133,9908.5,ASX,
3:00:11 PM,74.5,260,19370,ASX,
3:00:11 PM,74.5,41,3054.5,ASX,
3:00:11 PM,74.5,67,4991.5,ASX,
3:00:11 PM,74.5,67,4991.5,ASX,
3:00:11 PM,74.5,134,9983,ASX,
3:00:11 PM,74.5,132,9834,ASX,
3:00:11 PM,74.5,671,49989.5,ASX,
3:00:11 PM,74.5,6,447,ASX,
3:00:11 PM,74.5,14,1043,ASX,
3:00:11 PM,74.5,26,1937,ASX,
3:00:10 PM,74.51,800,59608,CXA,
2:59:58 PM,74.5,9057,674746.5,ASX,
2:59:58 PM,74.5,15,1117.5,ASX,
2:59:58 PM,74.5,100,7450,ASX,
2:59:58 PM,74.5,100,7450,ASX,
2:59:58 PM,74.5,66,4917,ASX,
2:59:58 PM,74.5,250,18625,ASX,
2:59:58 PM,74.5,33,2458.5,ASX,
2:59:58 PM,74.5,6,447,ASX,
2:59:58 PM,74.5,500,37250,ASX,
2:59:58 PM,74.5,20,1490,ASX,
2:59:58 PM,74.5,7,521.5,ASX,
2:59:58 PM,74.5,150,11175,ASX,
2:59:58 PM,74.5,67,4991.5,ASX,
2:59:58 PM,74.5,20,1490,ASX,
2:59:58 PM,74.5,671,49989.5,ASX,
2:59:58 PM,74.5,13,968.5,ASX,
2:59:58 PM,74.5,14,1043,ASX,
2:59:58 PM,74.5,33,2458.5,ASX,
2:59:58 PM,74.5,140,10430,ASX,
2:59:58 PM,74.5,135,10057.5,ASX,
2:59:58 PM,74.5,40,2980,ASX,
2:59:58 PM,74.5,100,7450,ASX,
2:59:58 PM,74.5,10,745,ASX,
2:59:58 PM,74.5,70,5215,ASX,
2:59:58 PM,74.5,400,29800,ASX,
2:59:58 PM,74.5,943,70253.5,CXA,
2:59:58 PM,74.5,100,7450,CXA,
2:59:58 PM,74.5,13,968.5,CXA,
2:59:57 PM,74.51,67,4992.17,ASX,
2:59:50 PM,74.52,317,23622.84,CXA,
2:59:50 PM,74.52,156,11625.12,CXA,
2:59:47 PM,74.52,40,2980.8,CXA,
2:59:43 PM,74.52,113,8420.76,ASX,
2:59:42 PM,74.53,109,8123.77,CXA,
2:59:42 PM,74.53,119,8869.07,CXA,
2:59:41 PM,74.52,115,8569.8,ASX,
2:59:41 PM,74.52,25,1863,ASX,
2:59:41 PM,74.52,40,2980.8,ASX,
2:59:41 PM,74.52,135,10060.2,ASX,
2:59:41 PM,74.52,55,4098.6,ASX,
2:59:38 PM,74.53,8,596.24,ASX,
2:59:38 PM,74.53,15,1117.95,ASX,
2:59:38 PM,74.53,8,596.24,ASX,
2:59:30 PM,74.58,13,969.54,ASX,
2:59:05 PM,74.59,168,12531.12,CXA,
2:58:45 PM,74.6,20,1492,ASX,
2:58:44 PM,74.58,18,1342.44,ASX,
2:58:44 PM,74.58,86,6413.88,ASX,
2:58:40 PM,74.58,26,1939.08,CXA,
2:58:28 PM,74.57,332,24757.24,ASX,
2:58:16 PM,74.55,200,14910,ASX,
2:58:16 PM,74.55,66,4920.3,ASX,
2:58:16 PM,74.55,70,5218.5,ASX,
2:58:16 PM,74.55,400,29820,ASX,
2:58:16 PM,74.55,67,4994.85,ASX,
2:58:16 PM,74.55,200,14910,ASX,
2:58:10 PM,74.56,53,3951.68,ASX,
2:58:10 PM,74.56,10,745.6,ASX,
2:58:10 PM,74.56,30,2236.8,ASX,
2:58:10 PM,74.56,120,8947.2,ASX,
2:58:07 PM,74.57,64,4772.48,ASX,
2:58:01 PM,74.58,270,20136.6,CXA,
2:58:00 PM,74.58,14,1044.12,ASX,
2:57:54 PM,74.58,136,10142.88,CXA,
2:57:52 PM,74.58,25,1864.5,CXA,
2:57:50 PM,74.57,30,2237.1,CXA,
2:57:41 PM,74.58,150,11187,ASX,
2:57:22 PM,74.58,150,11187,ASX,
2:57:21 PM,74.6,70,5222,CXA,
2:57:10 PM,74.63,172,12836.36,ASX,
2:57:10 PM,74.63,48,3582.24,ASX,
2:57:10 PM,74.63,48,3582.24,ASX,
2:57:10 PM,74.63,182,13582.66,ASX,
2:57:10 PM,74.63,150,11194.5,ASX,
2:57:06 PM,74.63,100,7463,CXA,
2:57:06 PM,74.63,267,19926.21,CXA,
2:56:53 PM,74.61,49,3655.89,ASX,
2:56:24 PM,74.6,66,4923.6,CXA,
2:56:17 PM,74.58,50,3729,ASX,
2:56:15 PM,74.6,150,11190,CXA,
2:56:11 PM,74.6,100,7460,ASX,
2:56:00 PM,74.61,150,11191.5,ASX,
2:55:47 PM,74.6,268,19992.8,ASX,
2:55:40 PM,74.59,7,522.13,CXA,
2:55:25 PM,74.56,120,8947.2,ASX,
2:55:19 PM,74.56,3125,233000,ASX,
2:55:04 PM,74.56,73,5442.88,ASX,
2:54:40 PM,74.58,100,7458,CXA,
2:54:40 PM,74.58,134,9993.72,ASX,
2:54:40 PM,74.58,5,372.9,ASX,
2:54:40 PM,74.58,741,55263.78,ASX,
2:54:40 PM,74.58,601,44822.58,ASX,
2:54:30 PM,74.6,100,7460,CXA,
2:54:26 PM,74.6,125,9325,ASX,
2:54:00 PM,74.63,61,4552.43,CXA,
2:53:55 PM,74.62,3,223.86,ASX,
2:53:48 PM,74.6,8,596.8,ASX,
2:53:40 PM,74.6,104,7758.4,ASX,
2:53:12 PM,74.6,237,17680.2,ASX,
2:53:04 PM,74.6,78,5818.8,ASX,
2:53:04 PM,74.6,428,31928.8,ASX,
2:53:04 PM,74.6,33,2461.8,ASX,
2:53:04 PM,74.6,268,19992.8,ASX,
2:53:04 PM,74.6,100,7460,ASX,
2:53:04 PM,74.6,1500,111900,ASX,
2:53:04 PM,74.6,26,1939.6,ASX,
2:53:04 PM,74.6,134,9996.4,ASX,
2:53:04 PM,74.6,67,4998.2,ASX,
2:53:04 PM,74.6,26,1939.6,ASX,
2:53:04 PM,74.6,13,969.8,ASX,
2:53:04 PM,74.6,134,9996.4,ASX,
2:52:53 PM,74.63,67,5000.21,ASX,
2:52:40 PM,74.66,26,1941.16,CXA,
2:52:34 PM,74.64,223,16644.72,CXA,
2:52:26 PM,74.64,50,3732,ASX,
2:52:16 PM,74.64,133,9927.12,CXA,
2:52:15 PM,74.64,330,24631.2,CXA,
2:52:11 PM,74.63,66,4925.58,ASX,
2:52:01 PM,74.64,35,2612.4,ASX,
2:52:01 PM,74.64,202,15077.28,ASX,
2:52:00 PM,74.65,286,21349.9,CXA,
2:52:00 PM,74.65,258,19259.7,CXA,
2:51:45 PM,74.65,80,5972,ASX,
2:51:44 PM,74.65,50,3732.5,ASX,
2:51:25 PM,74.7,143,10682.1,ASX,
2:51:25 PM,74.7,1192,89042.4,CXA,
2:51:22 PM,74.69,321,23975.49,CXA,
2:51:21 PM,74.69,20,1493.8,ASX,
2:51:21 PM,74.69,150,11203.5,ASX,
2:51:14 PM,74.66,23,1717.18,ASX,
2:51:14 PM,74.66,401,29938.66,ASX,
2:51:01 PM,74.7,267,19944.9,ASX,
2:50:56 PM,74.7,50,3735,CXA,
2:50:42 PM,74.73,334,24959.82,CXA,
2:50:36 PM,74.71,34,2540.14,ASX,
2:50:36 PM,74.71,150,11206.5,ASX,
2:50:20 PM,74.7,3,224.1,ASX,
2:49:47 PM,74.69,65,4854.85,ASX,
2:49:41 PM,74.68,300,22404,ASX,
2:49:41 PM,74.67,113,8437.71,CXA,
2:49:41 PM,74.67,114,8512.38,CXA,
2:49:25 PM,74.68,50,3734,ASX,
2:49:18 PM,74.68,29,2165.72,ASX,
2:49:13 PM,74.68,66,4928.88,ASX,
2:49:05 PM,74.7,267,19944.9,CXA,
2:49:00 PM,74.73,30,2241.9,CXA,
2:48:41 PM,74.73,1339,100063.47,CXA,
2:48:40 PM,74.73,665,49695.45,CXA,
2:48:31 PM,74.73,135,10088.55,ASX,
2:48:28 PM,74.73,13,971.49,CXA,
2:48:20 PM,74.72,399,29813.28,ASX,
2:48:20 PM,74.72,3,224.16,ASX,
2:47:34 PM,74.69,67,5004.23,ASX,
2:46:51 PM,74.69,150,11203.5,ASX,
2:46:33 PM,74.73,669,49994.37,CXA,
2:46:28 PM,74.72,135,10087.2,CXA,
2:46:11 PM,74.69,369,27560.61,ASX,
2:46:11 PM,74.69,131,9784.39,ASX,
2:45:50 PM,74.7,13,971.1,ASX,
2:45:49 PM,74.7,13,971.1,CXA,
2:45:27 PM,74.69,13,970.97,ASX,
2:45:26 PM,74.68,67,5003.56,CXA,
2:45:22 PM,74.68,40,2987.2,ASX,
2:45:22 PM,74.68,50,3734,ASX,
2:45:22 PM,74.68,5,373.4,ASX,
2:45:20 PM,74.69,65,4854.85,ASX,
2:45:20 PM,74.69,7,522.83,ASX,
2:45:07 PM,74.7,26,1942.2,ASX,
2:45:07 PM,74.7,60,4482,ASX,
2:45:07 PM,74.7,70,5229,ASX,
2:45:07 PM,74.7,670,50049,ASX,
2:45:07 PM,74.7,1000,74700,ASX,
2:45:07 PM,74.7,66,4930.2,ASX,
2:45:04 PM,74.72,95,7098.4,ASX,
2:45:03 PM,74.73,107,7996.11,CXA,
2:45:03 PM,74.73,109,8145.57,CXA,
2:45:03 PM,74.73,112,8369.76,CXA,
2:45:00 PM,74.75,19,1420.25,ASX,
2:45:00 PM,74.75,115,8596.25,ASX,
2:45:00 PM,74.75,524,39169,ASX,
2:45:00 PM,74.75,123,9194.25,ASX,
2:45:00 PM,74.75,111,8297.25,ASX,
2:45:00 PM,74.75,27,2018.25,ASX,
2:45:00 PM,74.75,7,523.25,ASX,
2:45:00 PM,74.75,201,15024.75,ASX,
2:44:56 PM,74.76,238,17792.88,CXA,
2:44:56 PM,74.76,122,9120.72,CXA,
2:44:56 PM,74.76,115,8597.4,CXA,
2:44:56 PM,74.76,182,13606.32,CXA,
2:44:56 PM,74.76,934,69825.84,CXA,
2:44:56 PM,74.76,440,32894.4,CXA,
2:44:56 PM,74.76,301,22502.76,CXA,
2:44:50 PM,74.76,12,897.12,CXA,
2:44:32 PM,74.78,1068,79865.04,ASX,
2:44:28 PM,74.8,133,9948.4,CXA,
2:44:25 PM,74.79,65,4861.35,ASX,
2:44:25 PM,74.79,30,2243.7,ASX,
2:44:08 PM,74.78,40,2991.2,ASX,
2:44:05 PM,74.8,133,9948.4,ASX,
2:44:04 PM,74.8,4,299.2,CXA,
2:44:02 PM,74.8,36,2692.8,CXA,
2:43:41 PM,74.82,102,7631.64,ASX,
2:43:32 PM,74.81,70,5236.7,CXA,
2:43:30 PM,74.8,120,8976,CXA,
2:43:25 PM,74.8,13,972.4,ASX,
2:43:25 PM,74.8,50,3740,ASX,
2:43:25 PM,74.8,12,897.6,ASX,
2:43:25 PM,74.8,200,14960,ASX,
2:43:25 PM,74.8,30,2244,ASX,
2:43:25 PM,74.8,786,58792.8,ASX,
2:43:25 PM,74.8,865,64702,ASX,
2:43:25 PM,74.8,1021,76370.8,ASX,
2:43:25 PM,74.8,12,897.6,ASX,
2:43:25 PM,74.8,66,4936.8,ASX,
2:43:25 PM,74.8,125,9350,ASX,
2:43:25 PM,74.8,13,972.4,ASX,
2:43:25 PM,74.8,139,10397.2,ASX,
2:42:58 PM,74.84,1000,74840,CXA,
2:42:51 PM,74.84,20,1496.8,ASX,
2:42:46 PM,74.85,264,19760.4,CXA,
2:42:27 PM,74.86,100,7486,CXA,
2:42:00 PM,74.82,270,20201.4,CXA,
2:41:56 PM,74.82,130,9726.6,CXA,
2:41:54 PM,74.82,13,972.66,ASX,
2:41:45 PM,74.81,101,7555.81,ASX,
2:41:44 PM,74.81,19,1421.39,ASX,
2:41:43 PM,74.82,50,3741,ASX,
2:41:35 PM,74.85,100,7485,ASX,
2:40:53 PM,74.87,250,18717.5,CXA,
2:40:45 PM,74.85,13,973.05,ASX,
2:40:44 PM,74.87,133,9957.71,CXA,
2:40:42 PM,74.88,72,5391.36,CXA,
2:40:42 PM,74.87,3,224.61,ASX,
2:40:13 PM,74.84,26,1945.84,CXA,
2:40:06 PM,74.84,10,748.4,ASX,
2:40:01 PM,74.86,1334,99863.24,ASX,
2:40:01 PM,74.86,100,7486,ASX,
2:39:56 PM,74.89,40,2995.6,CXA,
2:39:51 PM,74.89,442,33101.38,ASX,
2:39:46 PM,74.89,66,4942.74,ASX,
2:39:30 PM,74.87,236,17669.32,ASX,
2:39:30 PM,74.88,97,7263.36,ASX,
2:39:30 PM,74.88,267,19992.96,ASX,XT
2:39:10 PM,74.89,15,1123.35,ASX,
2:39:09 PM,74.89,34,2546.26,ASX,
2:39:06 PM,74.89,53,3969.17,ASX,
2:39:05 PM,74.89,40,2995.6,ASX,
2:39:00 PM,74.92,30,2247.6,CXA,
2:38:49 PM,74.91,408,30563.28,CXA,
2:38:49 PM,74.91,108,8090.28,CXA,
2:38:49 PM,74.91,142,10637.22,CXA,
2:38:42 PM,74.9,66,4943.4,CXA,
2:38:40 PM,74.9,400,29960,ASX,
2:38:36 PM,74.95,13,974.35,ASX,
2:38:29 PM,74.95,26,1948.7,ASX,
2:38:27 PM,74.95,63,4721.85,ASX,
2:38:27 PM,74.93,3,224.79,ASX,
2:38:25 PM,74.91,1016,76108.56,CXA,
2:38:25 PM,74.91,105,7865.55,CXA,
2:38:25 PM,74.91,482,36106.62,CXA,
2:38:25 PM,74.91,165,12360.15,CXA,
2:38:14 PM,74.9,33,2471.7,ASX,
2:38:14 PM,74.9,33,2471.7,ASX,
2:38:14 PM,74.9,50,3745,ASX,
2:38:14 PM,74.9,13,973.7,ASX,
2:38:14 PM,74.9,100,7490,ASX,
2:38:14 PM,74.9,200,14980,ASX,
2:38:14 PM,74.9,66,4943.4,ASX,
2:38:04 PM,74.94,13,974.22,CXA,
2:37:52 PM,74.93,61,4570.73,ASX,
2:37:50 PM,74.96,31,2323.76,ASX,
2:37:45 PM,74.96,197,14767.12,CXA,
2:37:38 PM,74.95,100,7495,CXA,
2:37:14 PM,74.95,181,13565.95,CXA,
2:37:14 PM,74.95,164,12291.8,CXA,
2:37:14 PM,74.95,110,8244.5,CXA,
2:37:14 PM,74.95,182,13640.9,CXA,
2:37:05 PM,74.95,26,1948.7,CXA,
2:36:52 PM,74.94,453,33947.82,ASX,
2:36:51 PM,74.95,265,19861.75,ASX,
2:36:51 PM,74.95,66,4946.7,ASX,
2:36:51 PM,74.95,202,15139.9,ASX,
2:36:51 PM,74.95,64,4796.8,ASX,
2:36:51 PM,74.95,26,1948.7,ASX,
2:36:51 PM,74.95,33,2473.35,ASX,
2:36:51 PM,74.95,27,2023.65,ASX,
2:36:32 PM,74.96,80,5996.8,CXA,
2:36:27 PM,74.98,200,14996,ASX,
2:36:19 PM,74.98,134,10047.32,CXA,
2:36:18 PM,74.98,26,1949.48,CXA,
2:36:10 PM,74.98,40,2999.2,ASX,
2:35:59 PM,74.98,58,4348.84,ASX,
2:35:57 PM,74.96,55,4122.8,ASX,
2:35:41 PM,75,70,5250,ASX,
2:35:41 PM,75,118,8850,ASX,
2:35:41 PM,75,232,17400,ASX,
2:35:41 PM,75,178,13350,ASX,
2:35:41 PM,75,191,14325,ASX,
2:35:41 PM,75,1166,87450,ASX,
2:35:41 PM,75.02,200,15004,CXA,
2:35:40 PM,75.02,532,39910.64,CXA,
2:35:16 PM,74.99,18,1349.82,ASX,
2:35:16 PM,74.99,100,7499,ASX,
2:35:13 PM,74.98,33,2474.34,ASX,
2:34:30 PM,75.01,182,13651.82,ASX,
2:34:30 PM,75.01,150,11251.5,ASX,
2:34:27 PM,75,100,7500,ASX,
2:34:07 PM,75.01,500,37505,CXA,
2:34:04 PM,75.01,120,9001.2,ASX,
2:34:04 PM,75.01,150,11251.5,ASX,
2:33:54 PM,75.02,199,14928.98,ASX,
2:33:47 PM,74.99,135,10123.65,ASX,
2:33:41 PM,74.97,15,1124.55,ASX,
2:33:40 PM,75,38,2850,ASX,
2:33:40 PM,75,232,17400,ASX,
2:33:38 PM,75,150,11250,ASX,
2:33:37 PM,75,60,4500,ASX,
2:33:30 PM,74.99,80,5999.2,ASX,
2:33:30 PM,74.99,82,6149.18,ASX,
2:33:30 PM,74.99,600,44994,ASX,
2:33:30 PM,74.99,207,15522.93,ASX,
2:33:30 PM,74.99,441,33070.59,ASX,
2:33:28 PM,75,100,7500,ASX,
2:33:20 PM,75,7,525,ASX,
2:33:20 PM,75,7,525,ASX,
2:33:20 PM,75,70,5250,ASX,
2:33:14 PM,75.05,19,1425.95,ASX,
2:33:14 PM,75.05,300,22515,CXA,
2:33:06 PM,75.05,13,975.65,ASX,
2:32:44 PM,75.05,66,4953.3,ASX,
2:32:44 PM,75.05,70,5253.5,ASX,
2:32:18 PM,75.05,100,7505,CXA,
2:32:01 PM,75.03,35,2626.05,ASX,
2:31:58 PM,75.03,211,15831.33,ASX,
2:31:58 PM,75.03,89,6677.67,ASX,
2:31:58 PM,75.03,250,18757.5,ASX,
2:31:58 PM,75.03,150,11254.5,ASX,
2:31:46 PM,75.01,29,2175.29,ASX,
2:31:46 PM,75.02,371,27832.42,ASX,
2:31:38 PM,75.04,43,3226.72,ASX,
2:31:38 PM,75,740,55500,ASX,
2:31:38 PM,75,1699,127425,ASX,
2:31:38 PM,75,888,66600,ASX,
2:31:38 PM,75,453,33975,ASX,
2:31:38 PM,75,600,45000,ASX,
2:31:38 PM,75,150,11250,ASX,
2:31:38 PM,75,250,18750,ASX,
2:31:38 PM,75,133,9975,ASX,
2:31:38 PM,75,537,40275,ASX,
2:31:38 PM,75,150,11250,ASX,
2:30:33 PM,75,150,11250,ASX,
2:29:56 PM,75,106,7950,CXA,
2:29:56 PM,75,146,10950,CXA,
2:29:54 PM,75,123,9225,ASX,
2:29:54 PM,75,143,10725,ASX,
2:29:50 PM,75,66,4950,ASX,
2:29:30 PM,75.01,3,225.03,ASX,
2:29:06 PM,75,299,22425,ASX,
2:29:06 PM,75,187,14025,ASX,
2:29:06 PM,75,30,2250,ASX,
2:29:06 PM,74.99,150,11248.5,ASX,
2:28:59 PM,75,30,2250,ASX,
2:28:59 PM,75,80,6000,ASX,
2:28:59 PM,75,27,2025,ASX,
2:28:59 PM,75,12,900,ASX,
2:28:59 PM,75,1000,75000,ASX,
2:28:59 PM,75,150,11250,ASX,
2:28:59 PM,75,40,3000,ASX,
2:28:59 PM,75,130,9750,ASX,
2:28:59 PM,75,26,1950,ASX,
2:28:59 PM,75,20,1500,ASX,
2:28:59 PM,75,50,3750,ASX,
2:28:59 PM,75,107,8025,ASX,
2:28:59 PM,75,133,9975,ASX,
2:28:59 PM,75,266,19950,ASX,
2:28:59 PM,75,200,15000,ASX,
2:28:59 PM,75,80,6000,ASX,
2:28:59 PM,75,16,1200,ASX,
2:28:59 PM,75,100,7500,ASX,
2:28:59 PM,75,67,5025,ASX,
2:28:59 PM,75,80,6000,ASX,
2:28:59 PM,75,24,1800,ASX,
2:28:59 PM,75,20,1500,ASX,
2:28:59 PM,75,3000,225000,ASX,
2:28:59 PM,75,120,9000,ASX,
2:28:59 PM,75,500,37500,ASX,
2:28:59 PM,75,13,975,ASX,
2:28:59 PM,75,72,5400,ASX,
2:28:59 PM,75,58,4350,ASX,
2:28:59 PM,75,75,5625,ASX,
2:28:59 PM,75,520,39000,ASX,
2:28:59 PM,75,405,30375,ASX,
2:28:59 PM,75,133,9975,ASX,
2:28:51 PM,75.02,330,24756.6,CXA,
2:28:47 PM,75.02,133,9977.66,ASX,
2:28:33 PM,75.04,12,900.48,CXA,
2:28:32 PM,75.03,607,45543.21,ASX,
2:28:32 PM,75.03,150,11254.5,ASX,
2:28:29 PM,75.05,26,1951.3,CXA,
2:28:23 PM,75.03,135,10129.05,ASX,
2:28:15 PM,75.07,133,9984.31,CXA,
2:28:01 PM,75.08,99,7432.92,CXA,
2:27:54 PM,75.03,109,8178.27,ASX,
2:27:54 PM,75.03,15,1125.45,ASX,
2:27:54 PM,75.04,37,2776.48,ASX,
2:27:54 PM,75.04,30,2251.2,ASX,
2:27:54 PM,75.04,114,8554.56,ASX,
2:27:53 PM,75.04,36,2701.44,ASX,
2:27:52 PM,75.03,277,20783.31,ASX,
2:27:52 PM,75.03,270,20258.1,ASX,
2:27:52 PM,75.03,14,1050.42,ASX,
2:27:52 PM,75.04,53,3977.12,ASX,
2:27:45 PM,75.05,13,975.65,CXA,
2:27:35 PM,75.07,130,9759.1,ASX,
2:27:35 PM,75.07,3,225.21,ASX,
2:27:35 PM,75.07,147,11035.29,ASX,
2:27:33 PM,75.08,50,3754,ASX,
2:27:33 PM,75.08,150,11262,ASX,
2:27:10 PM,75.11,12,901.32,CXA,
2:27:01 PM,75.1,300,22530,ASX,
2:26:57 PM,75.13,53,3981.89,CXA,
2:26:46 PM,75.08,219,16442.52,CXA,
2:26:29 PM,75.07,3,225.21,ASX,
2:26:14 PM,75.06,39,2927.34,ASX,
2:26:09 PM,75.04,135,10130.4,CXA,
2:26:09 PM,75.04,97,7278.88,CXA,
2:26:09 PM,75.04,252,18910.08,CXA,
2:26:09 PM,75.04,271,20335.84,CXA,
2:26:04 PM,75.05,39,2926.95,CXA,
2:25:59 PM,75.04,200,15008,ASX,
2:25:58 PM,75.04,266,19960.64,ASX,
2:25:52 PM,75.07,66,4954.62,CXA,
2:25:37 PM,75.05,69,5178.45,ASX,
2:25:34 PM,75.05,40,3002,ASX,
2:25:32 PM,75.06,100,7506,ASX,
2:25:10 PM,75.08,230,17268.4,CXA,
2:25:08 PM,75.08,50,3754,ASX,
2:25:05 PM,75.11,14,1051.54,CXA,
2:24:47 PM,75.1,39,2928.9,CXA,
2:24:47 PM,75.09,674,50610.66,CXA,
2:24:47 PM,75.09,343,25755.87,CXA,
2:24:47 PM,75.09,179,13441.11,CXA,
2:24:47 PM,75.09,542,40698.78,CXA,
2:24:44 PM,75.09,26,1952.34,ASX,
2:24:43 PM,75.1,399,29964.9,ASX,
2:24:43 PM,75.1,200,15020,ASX,
2:24:43 PM,75.1,50,3755,ASX,
2:24:39 PM,75.1,150,11265,ASX,
2:24:35 PM,75.11,16,1201.76,CXA,
2:24:35 PM,75.11,146,10966.06,ASX,
2:24:32 PM,75.14,788,59210.32,ASX,
2:24:32 PM,75.14,212,15929.68,ASX,
2:24:09 PM,75.13,100,7513,CXA,
2:23:29 PM,75.14,1050,78897,ASX,
2:23:29 PM,75.14,257,19310.98,ASX,
2:23:29 PM,75.14,23,1728.22,ASX,XT
2:23:25 PM,75.13,27,2028.51,CXA,
2:23:03 PM,75.14,27,2028.78,ASX,XT
2:23:00 PM,75.12,26,1953.12,ASX,
2:22:47 PM,75.15,27,2029.05,CXA,
2:22:41 PM,75.15,20,1503,ASX,
2:22:38 PM,75.17,65,4886.05,CXA,
2:22:29 PM,75.18,131,9848.58,CXA,
2:22:12 PM,75.2,13,977.6,ASX,
2:21:41 PM,75.19,100,7519,CXA,
2:21:23 PM,75.17,400,30068,CXA,
2:21:21 PM,75.17,159,11952.03,CXA,
2:21:07 PM,75.2,66,4963.2,ASX,
2:21:07 PM,75.22,15,1128.3,ASX,
2:20:59 PM,75.23,13,977.99,ASX,
2:20:36 PM,75.25,6,451.5,CXA,
2:20:14 PM,75.24,66,4965.84,CXA,
2:19:58 PM,75.24,50,3762,ASX,
2:19:57 PM,75.26,500,37630,CXA,
2:19:57 PM,75.26,130,9783.8,CXA,
2:19:48 PM,75.29,13,978.77,ASX,
2:19:23 PM,75.31,26,1958.06,CXA,
2:19:20 PM,75.31,13,979.03,CXA,
2:19:13 PM,75.32,40,3012.8,CXA,
2:18:54 PM,75.3,32,2409.6,ASX,
2:18:50 PM,75.31,66,4970.46,ASX,
2:18:50 PM,75.31,19,1430.89,ASX,
2:18:47 PM,75.32,132,9942.24,CXA,
2:18:35 PM,75.32,194,14612.08,CXA,
2:18:24 PM,75.27,139,10462.53,ASX,
2:18:13 PM,75.26,23,1730.98,ASX,
2:17:56 PM,75.26,5820,438013.2,ASX,
2:17:48 PM,75.28,185,13926.8,CXA,
2:17:33 PM,75.28,1350,101628,CXA,
2:17:17 PM,75.26,380,28598.8,ASX,
2:16:26 PM,75.25,1,75.25,ASX,
2:16:26 PM,75.25,3,225.75,ASX,
2:16:00 PM,75.22,50,3761,ASX,
2:15:57 PM,75.2,248,18649.6,ASX,
2:15:57 PM,75.2,267,20078.4,ASX,
2:15:57 PM,75.2,150,11280,ASX,
2:15:54 PM,75.2,68,5113.6,CXA,
2:15:27 PM,75.2,66,4963.2,ASX,
2:15:23 PM,75.19,66,4962.54,CXA,
2:15:22 PM,75.19,65,4887.35,CXA,
2:15:08 PM,75.14,30,2254.2,ASX,
2:15:08 PM,75.14,3,225.42,ASX,
2:15:08 PM,75.14,64,4808.96,ASX,
2:14:49 PM,75.13,21,1577.73,ASX,
2:14:38 PM,75.1,60,4506,ASX,
2:14:34 PM,75.14,265,19912.1,ASX,
2:14:19 PM,75.18,80,6014.4,CXA,
2:13:53 PM,75.07,3,225.21,ASX,
2:13:37 PM,75.06,8,600.48,CXA,
2:13:22 PM,75.05,1500,112575,CXA,
2:12:47 PM,75.08,350,26278,ASX,
2:12:47 PM,75.08,150,11262,ASX,
2:12:17 PM,75.06,22,1651.32,CXA,
2:12:17 PM,75.06,18,1351.08,CXA,
2:12:17 PM,75.06,100,7506,CXA,
2:12:04 PM,75.06,265,19890.9,ASX,
2:11:51 PM,75.05,66,4953.3,ASX,
2:11:15 PM,75.02,72,5401.44,ASX,
2:11:14 PM,75.02,177,13278.54,ASX,
2:11:14 PM,75.02,150,11253,ASX,
2:11:02 PM,75.04,266,19960.64,CXA,
2:11:00 PM,75.04,39,2926.56,CXA,
2:10:57 PM,75.04,270,20260.8,ASX,
2:10:52 PM,75.03,25,1875.75,ASX,
2:10:51 PM,75.02,133,9977.66,ASX,
2:10:38 PM,75.05,12,900.6,CXA,
2:10:12 PM,75.04,600,45024,CXA,
2:10:12 PM,75.04,173,12981.92,CXA,
2:10:12 PM,75.04,307,23037.28,CXA,
2:10:12 PM,75.04,488,36619.52,CXA,
2:10:12 PM,75.04,202,15158.08,CXA,
2:10:12 PM,75.04,539,40446.56,CXA,
2:10:12 PM,75.04,133,9980.32,CXA,
2:10:12 PM,75.04,130,9755.2,CXA,
2:10:12 PM,75.04,419,31441.76,CXA,
2:10:12 PM,75.04,162,12156.48,CXA,
2:09:48 PM,75.04,3,225.12,ASX,
2:09:48 PM,75.04,24,1800.96,CXA,
2:09:48 PM,75.04,129,9680.16,ASX,
2:09:48 PM,75.04,700,52528,ASX,
2:09:47 PM,75.04,337,25288.48,ASX,
2:09:47 PM,75.04,150,11256,ASX,
2:09:47 PM,75.04,282,21161.28,ASX,
2:09:45 PM,75.04,160,12006.4,ASX,
2:09:44 PM,75.06,13,975.78,ASX,
2:09:39 PM,75.06,6,450.36,CXA,
2:09:27 PM,75.06,69,5179.14,ASX,
2:09:23 PM,75.02,149,11177.98,ASX,
2:09:23 PM,75.02,150,11253,ASX,
2:09:23 PM,75.03,238,17857.14,ASX,
2:09:23 PM,75.04,133,9980.32,ASX,
2:09:23 PM,75.04,150,11256,ASX,
2:09:03 PM,75.1,30,2253,CXA,
2:09:00 PM,75.11,53,3980.83,ASX,
2:08:41 PM,75.05,3,225.15,ASX,
2:08:12 PM,75.04,66,4952.64,CXA,
2:08:08 PM,75.05,33,2476.65,CXA,
2:07:57 PM,75.04,1000,75040,CXA,
2:07:39 PM,75.05,66,4953.3,ASX,
2:07:30 PM,75.04,40,3001.6,ASX,
2:07:13 PM,75.03,13,975.39,CXA,
2:07:11 PM,75.02,1000,75020,ASX,
2:06:55 PM,75.03,150,11254.5,ASX,
2:06:41 PM,75.04,133,9980.32,ASX,
2:06:28 PM,75.04,11,825.44,ASX,
2:06:22 PM,75.07,106,7957.42,CXA,
2:06:18 PM,75.07,133,9984.31,ASX,
2:06:01 PM,75.06,200,15012,ASX,
2:05:48 PM,75.05,16,1200.8,ASX,
2:05:44 PM,75.06,150,11259,ASX,
2:05:43 PM,75.07,30,2252.1,CXA,
2:05:42 PM,75.05,50,3752.5,ASX,
2:05:32 PM,75.05,16,1200.8,CXA,
2:05:13 PM,75.08,130,9760.4,CXA,
2:05:04 PM,75.07,65,4879.55,ASX,
2:05:03 PM,75.07,13,975.91,CXA,
2:04:44 PM,75.04,755,56655.2,ASX,
2:04:42 PM,75.04,45,3376.8,ASX,
2:04:35 PM,75.07,50,3753.5,CXA,
2:04:31 PM,75.07,260,19518.2,CXA,
2:04:27 PM,75.08,1329,99781.32,CXA,
2:04:17 PM,75.08,20,1501.6,CXA,
2:04:11 PM,75.09,500,37545,CXA,
2:04:00 PM,75.09,66,4955.94,CXA,
2:03:58 PM,75.07,66,4954.62,ASX,
2:03:58 PM,75.07,33,2477.31,ASX,
2:03:49 PM,75.09,100,7509,ASX,
2:03:34 PM,75.11,66,4957.26,CXA,
2:03:24 PM,75.1,28,2102.8,ASX,
2:03:24 PM,75.1,66,4956.6,ASX,
2:03:16 PM,75.14,20,1502.8,ASX,
2:03:06 PM,75.14,330,24796.2,CXA,
2:03:05 PM,75.14,134,10068.76,CXA,
2:02:59 PM,75.17,100,7517,ASX,
2:02:57 PM,75.17,50,3758.5,ASX,
2:02:56 PM,75.17,130,9772.1,CXA,
2:02:51 PM,75.17,500,37585,CXA,
2:02:49 PM,75.11,6,450.66,ASX,
2:02:34 PM,75.17,26,1954.42,CXA,
2:02:28 PM,75.16,97,7290.52,CXA,
2:02:28 PM,75.16,500,37580,CXA,
2:02:28 PM,75.15,3,225.45,ASX,
2:02:18 PM,75.13,300,22539,CXA,
2:01:54 PM,75.1,717,53846.7,ASX,
2:01:54 PM,75.1,133,9988.3,ASX,
2:01:54 PM,75.1,66,4956.6,ASX,
2:01:54 PM,75.1,4,300.4,ASX,
2:01:54 PM,75.1,670,50317,ASX,XT
2:01:54 PM,75.11,232,17425.52,ASX,
2:01:54 PM,75.12,200,15024,ASX,
2:01:54 PM,75.12,133,9990.96,ASX,
2:01:54 PM,75.12,199,14948.88,ASX,
2:01:54 PM,75.12,206,15474.72,ASX,
2:01:51 PM,75.13,370,27798.1,CXA,
2:01:50 PM,75.13,284,21336.92,CXA,
2:01:22 PM,75.12,79,5934.48,ASX,
2:01:12 PM,75.11,20,1502.2,ASX,
2:01:01 PM,75.15,66,4959.9,CXA,
2:00:50 PM,75.14,70,5259.8,CXA,
2:00:44 PM,75.11,70,5257.7,ASX,
2:00:00 PM,75.12,399,29972.88,ASX,
1:59:40 PM,75.1,80,6008,ASX,
1:59:24 PM,75.1,500,37550,CXA,
1:58:44 PM,75.08,56,4204.48,ASX,
1:58:41 PM,75.08,13,976.04,CXA,
1:58:40 PM,75.08,8,600.64,ASX,
1:58:35 PM,75.03,12,900.36,ASX,
1:58:33 PM,75.07,273,20494.11,ASX,
1:58:33 PM,75.08,427,32059.16,CXA,
1:58:13 PM,75.04,133,9980.32,CXA,
1:58:06 PM,75.04,63,4727.52,ASX,
1:58:06 PM,75.04,3,225.12,ASX,
1:57:52 PM,75.03,150,11254.5,ASX,
1:57:40 PM,75.02,33,2475.66,CXA,
1:57:17 PM,75.03,133,9978.99,ASX,
1:57:09 PM,75.03,133,9978.99,ASX,
1:56:56 PM,75.05,200,15010,CXA,
1:56:21 PM,75.05,25,1876.25,ASX,
1:56:07 PM,75.01,135,10126.35,ASX,
1:56:07 PM,75.01,150,11251.5,ASX,
1:55:37 PM,74.98,80,5998.4,CXA,
1:55:33 PM,74.99,18,1349.82,ASX,
1:55:33 PM,74.99,100,7499,ASX,
1:55:33 PM,74.98,3,224.94,ASX,
1:55:14 PM,74.94,66,4946.04,CXA,
1:55:06 PM,74.94,13,974.22,CXA,
1:54:42 PM,74.95,30,2248.5,ASX,
1:54:22 PM,74.95,40,2998,CXA,
1:54:21 PM,74.95,7,524.65,ASX,
1:54:06 PM,74.92,66,4944.72,ASX,
1:53:56 PM,74.94,366,27428.04,ASX,
1:53:43 PM,74.94,27,2023.38,ASX,XT
1:53:41 PM,74.94,19,1423.86,ASX,
1:53:41 PM,74.9,10,749,ASX,
1:53:40 PM,74.94,140,10491.6,ASX,
1:53:36 PM,74.94,20,1498.8,ASX,
1:53:21 PM,74.9,50,3745,ASX,
1:52:46 PM,74.93,33,2472.69,CXA,
1:52:44 PM,74.94,100,7494,CXA,
1:52:41 PM,74.94,100,7494,ASX,
1:52:37 PM,74.94,50,3747,ASX,
1:52:31 PM,74.94,60,4496.4,ASX,
1:52:29 PM,74.94,134,10041.96,ASX,
1:52:23 PM,74.95,266,19936.7,ASX,
1:52:18 PM,74.9,130,9737,ASX,
1:51:54 PM,74.93,33,2472.69,ASX,
1:51:49 PM,74.95,600,44970,CXA,
1:51:09 PM,74.9,15,1123.5,ASX,
1:51:06 PM,74.95,130,9743.5,CXA,
1:51:05 PM,74.95,66,4946.7,ASX,
1:51:03 PM,74.95,60,4497,CXA,
1:50:01 PM,74.93,3,224.79,ASX,
1:49:38 PM,74.9,123,9212.7,CXA,
1:49:38 PM,74.9,392,29360.8,CXA,
1:49:38 PM,74.9,126,9437.4,CXA,
1:49:30 PM,74.9,26,1947.4,ASX,
1:49:30 PM,74.9,20,1498,ASX,
1:49:30 PM,74.9,300,22470,ASX,
1:49:15 PM,74.91,101,7565.91,CXA,
1:48:58 PM,74.96,133,9969.68,CXA,
1:48:46 PM,74.95,68,5096.6,ASX,
1:48:46 PM,74.95,350,26232.5,ASX,
1:48:46 PM,74.95,150,11242.5,ASX,
1:48:42 PM,74.98,159,11921.82,ASX,
1:48:42 PM,74.97,150,11245.5,ASX,
1:48:42 PM,74.98,691,51811.18,CXA,
1:48:36 PM,74.97,39,2923.83,ASX,
1:48:35 PM,74.97,83,6222.51,ASX,
1:48:35 PM,74.97,17,1274.49,ASX,
1:48:34 PM,74.97,133,9971.01,ASX,
1:48:26 PM,74.99,540,40494.6,CXA,
1:48:16 PM,74.98,13,974.74,ASX,
1:48:01 PM,74.99,160,11998.4,CXA,
1:47:58 PM,74.99,400,29996,CXA,
1:47:46 PM,74.99,200,14998,CXA,
1:47:39 PM,74.99,7,524.93,ASX,
1:47:31 PM,75,18,1350,ASX,
1:47:21 PM,75,10,750,ASX,
1:47:17 PM,75,134,10050,ASX,
1:47:07 PM,75.01,55,4125.55,CXA,
1:46:40 PM,74.99,66,4949.34,ASX,
1:46:24 PM,75.02,40,3000.8,CXA,
1:46:24 PM,75.02,50,3751,ASX,
1:46:24 PM,75.02,150,11253,ASX,
1:46:03 PM,75.02,7,525.14,CXA,
1:45:51 PM,75,80,6000,ASX,
1:45:51 PM,75,70,5250,ASX,
1:45:33 PM,75.03,49,3676.47,ASX,
1:45:33 PM,75.03,150,11254.5,ASX,
1:45:18 PM,75.01,10,750.1,ASX,
1:45:18 PM,75.01,150,11251.5,ASX,
1:45:16 PM,75.01,66,4950.66,ASX,
1:45:14 PM,75.01,50,3750.5,ASX,
1:45:14 PM,75.01,150,11251.5,ASX,
1:45:04 PM,75.04,1197,89822.88,CXA,
1:44:31 PM,75.05,30,2251.5,CXA,
1:44:28 PM,75.05,50,3752.5,CXA,
1:44:12 PM,75,27,2025,ASX,
1:44:12 PM,75,33,2475,ASX,
1:43:41 PM,75.01,130,9751.3,CXA,
1:43:29 PM,74.99,381,28571.19,ASX,
1:43:29 PM,75,1619,121425,CXA,
1:42:52 PM,74.97,110,8246.7,ASX,
1:42:52 PM,74.97,150,11245.5,ASX,
1:42:49 PM,74.98,66,4948.68,ASX,
1:42:39 PM,74.92,83,6218.36,CXA,
1:42:13 PM,74.95,136,10193.2,ASX,
1:42:04 PM,74.94,133,9967.02,ASX,
1:41:44 PM,74.9,3,224.7,ASX,
1:41:34 PM,74.88,61,4567.68,ASX,
1:41:17 PM,74.85,558,41766.3,ASX,
1:41:17 PM,74.85,150,11227.5,ASX,
1:41:07 PM,74.86,15,1122.9,ASX,
1:41:00 PM,74.86,47,3518.42,ASX,
1:40:58 PM,74.86,20,1497.2,ASX,
1:40:36 PM,74.86,130,9731.8,ASX,
1:40:34 PM,74.86,133,9956.38,ASX,
1:40:07 PM,74.82,8,598.56,ASX,
1:40:07 PM,74.82,68,5087.76,ASX,
1:40:05 PM,74.82,82,6135.24,ASX,
1:40:04 PM,74.86,42,3144.12,ASX,
1:39:59 PM,74.86,100,7486,ASX,
1:39:59 PM,74.86,100,7486,ASX,
1:39:36 PM,74.84,335,25071.4,CXA,
1:39:33 PM,74.84,30,2245.2,CXA,
1:39:16 PM,74.81,94,7032.14,ASX,
1:39:16 PM,74.81,150,11221.5,ASX,
1:39:05 PM,74.76,28,2093.28,ASX,
1:39:02 PM,74.77,53,3962.81,CXA,
1:39:01 PM,74.78,133,9945.74,CXA,
1:38:26 PM,74.72,70,5230.4,ASX,
1:38:10 PM,74.74,30,2242.2,ASX,
1:38:10 PM,74.74,66,4932.84,ASX,
1:37:48 PM,74.8,5,374,ASX,
1:37:24 PM,74.77,335,25047.95,CXA,
1:36:59 PM,74.76,30,2242.8,CXA,
1:36:54 PM,74.76,267,19960.92,ASX,
1:36:25 PM,74.76,19,1420.44,CXA,
1:36:19 PM,74.76,66,4934.16,CXA,
1:36:13 PM,74.74,133,9940.42,ASX,
1:36:08 PM,74.77,40,2990.8,CXA,CX
1:35:44 PM,74.76,90,6728.4,ASX,
1:35:43 PM,74.76,10,747.6,ASX,XT
1:35:40 PM,74.74,3,224.22,ASX,
1:35:26 PM,74.72,146,10909.12,CXA,
1:35:21 PM,74.7,444,33166.8,CXA,
1:35:21 PM,74.7,35,2614.5,CXA,
1:35:10 PM,74.7,94,7021.8,ASX,
1:35:10 PM,74.7,171,12773.7,ASX,
1:35:10 PM,74.7,16,1195.2,CXA,
1:35:10 PM,74.7,66,4930.2,ASX,
1:35:10 PM,74.7,200,14940,ASX,
1:35:10 PM,74.7,50,3735,ASX,
1:35:10 PM,74.7,13,971.1,ASX,
1:35:03 PM,74.72,40,2988.8,CXA,
1:34:56 PM,74.75,95,7101.25,ASX,
1:34:48 PM,74.73,80,5978.4,CXA,
1:34:48 PM,74.73,89,6650.97,CXA,
1:34:48 PM,74.73,80,5978.4,CXA,
1:34:48 PM,74.73,112,8369.76,CXA,
1:34:48 PM,74.73,133,9939.09,CXA,
1:34:41 PM,74.75,500,37375,ASX,
1:34:40 PM,74.75,64,4784,ASX,
1:34:36 PM,74.76,38,2840.88,ASX,
1:34:36 PM,74.76,94,7027.44,ASX,
1:34:35 PM,74.73,120,8967.6,ASX,
1:33:44 PM,74.76,350,26166,CXA,
1:33:10 PM,74.76,75,5607,CXA,
1:33:07 PM,74.76,154,11513.04,ASX,
1:33:07 PM,74.76,150,11214,ASX,
1:33:07 PM,74.77,396,29608.92,CXA,
1:32:58 PM,74.8,333,24908.4,CXA,
1:32:50 PM,74.8,32,2393.6,CXA,
1:32:34 PM,74.8,13,972.4,CXA,
1:31:57 PM,74.75,50,3737.5,ASX,
1:31:57 PM,74.75,150,11212.5,ASX,
1:31:47 PM,74.79,50,3739.5,ASX,
1:31:47 PM,74.79,150,11218.5,ASX,
1:31:44 PM,74.8,30,2244,ASX,
1:31:36 PM,74.75,50,3737.5,ASX,
1:31:36 PM,74.75,150,11212.5,ASX,
1:31:36 PM,74.74,200,14948,ASX,XT
1:31:35 PM,74.73,200,14946,ASX,
1:31:35 PM,74.72,3,224.16,ASX,
1:31:35 PM,74.72,3,224.16,ASX,
1:31:35 PM,74.72,157,11731.04,ASX,
1:31:22 PM,74.67,236,17622.12,ASX,
1:31:22 PM,74.67,105,7840.35,ASX,
1:31:22 PM,74.68,13,970.84,ASX,
1:31:22 PM,74.68,254,18968.72,ASX,
1:31:22 PM,74.68,38,2837.84,ASX,
1:31:22 PM,74.69,224,16730.56,ASX,
1:31:22 PM,74.69,150,11203.5,ASX,
1:31:09 PM,74.72,43,3212.96,ASX,
1:31:09 PM,74.71,157,11729.47,ASX,
1:31:02 PM,74.71,133,9936.43,ASX,
1:30:44 PM,74.72,132,9863.04,CXA,
1:30:43 PM,74.72,400,29888,ASX,
1:30:17 PM,74.68,632,47197.76,ASX,XT
1:30:17 PM,74.69,150,11203.5,ASX,
1:30:14 PM,74.72,597,44607.84,ASX,
1:30:14 PM,74.72,282,21071.04,ASX,
1:30:14 PM,74.72,121,9041.12,ASX,
1:29:59 PM,74.72,66,4931.52,ASX,
1:29:58 PM,74.72,13,971.36,ASX,
1:29:51 PM,74.69,11,821.59,ASX,
1:29:40 PM,74.72,26,1942.72,ASX,
1:29:26 PM,74.7,16,1195.2,ASX,
1:29:19 PM,74.7,117,8739.9,ASX,
1:29:10 PM,74.73,334,24959.82,ASX,
1:29:10 PM,74.73,200,14946,ASX,
1:29:10 PM,74.73,66,4932.18,CXA,
1:28:58 PM,74.73,1000,74730,CXA,
1:28:54 PM,74.73,130,9714.9,CXA,
1:28:47 PM,74.73,270,20177.1,CXA,
1:28:44 PM,74.72,333,24881.76,ASX,
1:28:29 PM,74.71,135,10085.85,ASX,
1:28:01 PM,74.72,26,1942.72,ASX,
1:27:34 PM,74.71,67,5005.57,CXA,
1:27:33 PM,74.71,66,4930.86,CXA,
1:27:15 PM,74.7,100,7470,ASX,
1:27:12 PM,74.7,84,6274.8,ASX,
1:27:07 PM,74.7,130,9711,ASX,
1:27:05 PM,74.7,36,2689.2,ASX,
1:26:45 PM,74.73,500,37365,ASX,
1:26:45 PM,74.73,150,11209.5,ASX,
1:26:28 PM,74.72,67,5006.24,CXA,
1:26:21 PM,74.7,17,1269.9,ASX,
1:26:21 PM,74.7,100,7470,ASX,
1:26:15 PM,74.67,45,3360.15,ASX,
1:25:46 PM,74.68,33,2464.44,ASX,
1:25:27 PM,74.69,13,970.97,CXA,
1:25:18 PM,74.69,267,19942.23,CXA,
1:25:15 PM,74.69,1,74.69,CXA,
1:25:15 PM,74.68,66,4928.88,CXA,
1:25:15 PM,74.68,66,4928.88,ASX,
1:25:12 PM,74.69,668,49892.92,CXA,
1:25:07 PM,74.68,40,2987.2,ASX,
1:24:46 PM,74.71,16,1195.36,CXA,
1:24:35 PM,74.7,334,24949.8,ASX,
1:24:35 PM,74.7,70,5229,ASX,
1:24:35 PM,74.7,1400,104580,ASX,
1:24:33 PM,74.72,200,14944,CXA,
1:24:33 PM,74.72,66,4931.52,ASX,
1:24:30 PM,74.73,40,2989.2,CXA,
1:24:30 PM,74.73,95,7099.35,CXA,
1:24:29 PM,74.73,169,12629.37,CXA,
1:24:26 PM,74.74,55,4110.7,CXA,
1:24:26 PM,74.73,150,11209.5,ASX,
1:24:23 PM,74.74,231,17264.94,ASX,
1:24:23 PM,74.74,27,2017.98,ASX,
1:24:23 PM,74.74,205,15321.7,ASX,
1:24:23 PM,74.74,222,16592.28,ASX,
1:24:23 PM,74.74,12,896.88,ASX,
1:24:23 PM,74.74,37,2765.38,ASX,
1:24:22 PM,74.74,96,7175.04,ASX,
1:24:22 PM,74.76,130,9718.8,ASX,
1:24:19 PM,74.77,80,5981.6,ASX,
1:24:19 PM,74.77,50,3738.5,ASX,
1:24:19 PM,74.77,100,7477,ASX,
1:24:12 PM,74.77,7,523.39,CXA,
1:24:07 PM,74.75,170,12707.5,ASX,
1:24:07 PM,74.75,150,11212.5,ASX,
1:24:07 PM,74.79,10,747.9,ASX,
1:24:06 PM,74.77,60,4486.2,ASX,
1:24:02 PM,74.77,60,4486.2,ASX,
1:24:02 PM,74.79,33,2468.07,CXA,
1:23:59 PM,74.79,50,3739.5,ASX,
1:23:49 PM,74.79,200,14958,ASX,
1:23:45 PM,74.77,36,2691.72,ASX,
1:23:45 PM,74.78,100,7478,ASX,XT
1:23:45 PM,74.78,10,747.8,ASX,XT
1:23:22 PM,74.79,41,3066.39,ASX,
1:23:09 PM,74.81,265,19824.65,CXA,
1:22:59 PM,74.81,45,3366.45,ASX,
1:22:56 PM,74.81,335,25061.35,CXA,
1:22:52 PM,74.8,600,44880,ASX,
1:22:36 PM,74.82,110,8230.2,ASX,
1:22:36 PM,74.82,150,11223,ASX,
1:22:35 PM,74.8,99,7405.2,ASX,
1:22:09 PM,74.81,70,5236.7,CXA,
1:21:50 PM,74.8,200,14960,ASX,
1:21:50 PM,74.8,138,10322.4,ASX,
1:21:32 PM,74.79,353,26400.87,ASX,
1:21:32 PM,74.79,200,14958,ASX,
1:21:32 PM,74.8,297,22215.6,CXA,
1:21:31 PM,74.78,4,299.12,ASX,
1:21:26 PM,74.78,204,15255.12,ASX,
1:21:23 PM,74.78,200,14956,ASX,
1:21:23 PM,74.78,200,14956,ASX,
1:21:23 PM,74.78,3,224.34,ASX,
1:21:23 PM,74.78,62,4636.36,ASX,
1:21:04 PM,74.78,15,1121.7,ASX,
1:20:30 PM,74.78,20,1495.6,ASX,
1:20:18 PM,74.78,38,2841.64,ASX,
1:20:12 PM,74.77,150,11215.5,ASX,
1:20:02 PM,74.78,65,4860.7,ASX,
1:19:57 PM,74.76,200,14952,ASX,
1:19:53 PM,74.77,2,149.54,ASX,
1:19:53 PM,74.77,198,14804.46,ASX,
1:19:32 PM,74.74,34,2541.16,ASX,
1:19:03 PM,74.73,26,1942.98,ASX,
1:18:55 PM,74.71,67,5005.57,CXA,
1:18:44 PM,74.7,200,14940,CXA,
1:18:44 PM,74.7,13,971.1,CXA,
1:18:36 PM,74.7,131,9785.7,ASX,
1:18:36 PM,74.7,158,11802.6,ASX,
1:18:36 PM,74.7,61,4556.7,ASX,
1:18:30 PM,74.7,300,22410,ASX,
1:18:06 PM,74.68,40,2987.2,CXA,
1:18:02 PM,74.68,133,9932.44,ASX,
1:18:01 PM,74.68,520,38833.6,ASX,
1:18:01 PM,74.68,150,11202,ASX,
1:17:54 PM,74.69,13,970.97,CXA,
1:17:46 PM,74.61,89,6640.29,ASX,
1:17:46 PM,74.63,150,11194.5,ASX,
1:17:46 PM,74.65,5,373.25,ASX,XT
1:17:34 PM,74.68,195,14562.6,ASX,
1:17:27 PM,74.68,160,11948.8,ASX,
1:16:52 PM,74.66,1000,74660,CXA,
1:16:22 PM,74.66,26,1941.16,CXA,
1:16:22 PM,74.66,270,20158.2,CXA,
1:16:12 PM,74.65,30,2239.5,ASX,
1:16:12 PM,74.65,3,223.95,ASX,
1:16:11 PM,74.65,147,10973.55,ASX,
1:16:04 PM,74.62,7,522.34,CXA,
1:16:03 PM,74.62,563,42011.06,ASX,
1:16:02 PM,74.63,26,1940.38,CXA,
1:16:02 PM,74.62,117,8730.54,ASX,
1:15:44 PM,74.65,119,8883.35,ASX,
1:15:37 PM,74.64,3,223.92,ASX,
1:15:31 PM,74.61,300,22383,ASX,
1:15:29 PM,74.63,70,5224.1,CXA,
1:15:28 PM,74.63,100,7463,ASX,
1:15:24 PM,74.62,670,49995.4,ASX,
1:15:24 PM,74.62,67,4999.54,ASX,
1:15:24 PM,74.62,67,4999.54,ASX,
1:15:18 PM,74.66,53,3956.98,ASX,
1:15:16 PM,74.65,250,18662.5,CXA,
1:15:00 PM,74.66,133,9929.78,CXA,
1:14:57 PM,74.66,313,23368.58,CXA,
1:14:48 PM,74.66,14,1045.24,CXA,
1:14:45 PM,74.66,67,5002.22,CXA,
1:14:41 PM,74.66,150,11199,CXA,
1:14:26 PM,74.66,67,5002.22,CXA,
1:14:17 PM,74.66,13,970.58,CXA,
1:14:12 PM,74.65,1,74.65,ASX,
1:14:12 PM,74.65,111,8286.15,ASX,
1:14:12 PM,74.65,148,11048.2,ASX,
1:14:08 PM,74.66,66,4927.56,CXA,
1:14:07 PM,74.66,100,7466,ASX,
1:14:03 PM,74.68,100,7468,ASX,
1:14:03 PM,74.68,11,821.48,CXA,
1:13:47 PM,74.68,7,522.76,CXA,
1:13:47 PM,74.68,7,522.76,CXA,
1:13:43 PM,74.68,68,5078.24,CXA,
1:13:32 PM,74.69,183,13668.27,ASX,
1:13:32 PM,74.69,17,1269.73,ASX,
1:13:23 PM,74.68,40,2987.2,ASX,
1:13:22 PM,74.67,66,4928.22,ASX,
1:13:03 PM,74.69,133,9933.77,ASX,
1:12:59 PM,74.71,7,522.97,CXA,
1:12:57 PM,74.72,13,971.36,ASX,
1:12:38 PM,74.7,53,3959.1,ASX,
1:12:38 PM,74.7,97,7245.9,ASX,
1:12:38 PM,74.7,113,8441.1,ASX,
1:12:38 PM,74.71,487,36383.77,CXA,
1:12:38 PM,74.69,40,2987.6,ASX,
1:12:27 PM,74.69,66,4929.54,ASX,
1:12:15 PM,74.69,66,4929.54,ASX,
1:12:15 PM,74.69,67,5004.23,ASX,
1:12:01 PM,74.67,130,9707.1,ASX,
1:12:00 PM,74.67,7,522.69,ASX,
1:11:34 PM,74.65,100,7465,ASX,
1:11:31 PM,74.65,126,9405.9,ASX,
1:11:31 PM,74.65,141,10525.65,ASX,
1:11:17 PM,74.67,96,7168.32,ASX,
1:11:17 PM,74.67,254,18966.18,ASX,
1:11:17 PM,74.67,150,11200.5,ASX,
1:11:10 PM,74.69,50,3734.5,ASX,
1:10:46 PM,74.69,7,522.83,ASX,
1:10:17 PM,74.67,394,29419.98,ASX,
1:10:17 PM,74.67,202,15083.34,ASX,
1:10:17 PM,74.67,150,11200.5,ASX,
1:10:17 PM,74.66,201,15006.66,ASX,
1:10:17 PM,74.66,10,746.6,ASX,
1:10:16 PM,74.65,100,7465,ASX,
1:10:08 PM,74.65,40,2986,ASX,
1:10:08 PM,74.64,13,970.32,ASX,
1:10:07 PM,74.67,130,9707.1,CXA,
1:09:47 PM,74.69,26,1941.94,ASX,
1:09:16 PM,74.57,3,223.71,ASX,
1:09:16 PM,74.57,3,223.71,ASX,
1:08:57 PM,74.54,266,19827.64,CXA,
1:08:55 PM,74.55,122,9095.1,ASX,
1:08:45 PM,74.57,66,4921.62,ASX,
1:08:38 PM,74.55,135,10064.25,ASX,
1:08:36 PM,74.52,100,7452,ASX,
1:08:36 PM,74.52,150,11178,ASX,
1:08:12 PM,74.54,268,19976.72,ASX,
1:07:50 PM,74.58,102,7607.16,ASX,
1:07:49 PM,74.58,26,1939.08,ASX,
1:07:49 PM,74.58,6,447.48,ASX,
1:07:32 PM,74.58,7,522.06,ASX,XT
1:07:29 PM,74.59,487,36325.33,ASX,
1:07:29 PM,74.59,202,15067.18,ASX,
1:07:29 PM,74.59,150,11188.5,ASX,
1:07:18 PM,74.62,13,970.06,CXA,
1:07:16 PM,74.6,150,11190,ASX,
1:07:12 PM,74.6,133,9921.8,ASX,
1:07:10 PM,74.59,25,1864.75,ASX,
1:06:46 PM,74.64,100,7464,ASX,
1:06:40 PM,74.65,33,2463.45,ASX,
1:06:09 PM,74.66,30,2239.8,ASX,
1:06:09 PM,74.66,279,20830.14,ASX,
1:06:09 PM,74.66,150,11199,ASX,
1:06:09 PM,74.67,171,12768.57,CXA,
1:05:57 PM,74.63,35,2612.05,ASX,
1:05:57 PM,74.63,150,11194.5,ASX,
1:05:36 PM,74.68,79,5899.72,CXA,
1:05:34 PM,74.66,53,3956.98,ASX,
1:05:29 PM,74.66,18,1343.88,ASX,
1:05:29 PM,74.66,17,1269.22,CXA,
1:05:29 PM,74.66,95,7092.7,CXA,
1:05:21 PM,74.62,1,74.62,ASX,
1:05:19 PM,74.62,136,10148.32,ASX,
1:04:59 PM,74.61,204,15220.44,ASX,
1:04:51 PM,74.63,30,2238.9,CXA,
1:04:45 PM,74.63,20,1492.6,ASX,
1:04:29 PM,74.61,446,33276.06,ASX,
1:04:23 PM,74.61,45,3357.45,ASX,
1:04:19 PM,74.62,3,223.86,ASX,
1:04:10 PM,74.6,65,4849,ASX,XT
1:03:34 PM,74.59,100,7459,ASX,
1:03:22 PM,74.59,60,4475.4,CXA,
1:03:17 PM,74.59,100,7459,CXA,
1:03:13 PM,74.59,13,969.67,CXA,
1:02:56 PM,74.57,130,9694.1,ASX,
1:02:56 PM,74.57,137,10216.09,ASX,
1:02:45 PM,74.57,13,969.41,ASX,
1:02:40 PM,74.6,50,3730,ASX,
1:02:40 PM,74.6,83,6191.8,ASX,
1:02:30 PM,74.58,117,8725.86,ASX,
1:02:30 PM,74.58,150,11187,ASX,
1:02:24 PM,74.57,100,7457,ASX,
1:02:19 PM,74.6,67,4998.2,ASX,
1:02:09 PM,74.6,10,746,ASX,
1:02:09 PM,74.6,85,6341,ASX,
1:02:09 PM,74.6,15,1119,ASX,
1:02:09 PM,74.6,67,4998.2,ASX,
1:02:09 PM,74.6,64,4774.4,ASX,
1:02:09 PM,74.6,98,7310.8,ASX,
1:02:08 PM,74.6,93,6937.8,ASX,
1:02:01 PM,74.66,5,373.3,CXA,
1:01:31 PM,74.64,88,6568.32,ASX,
1:01:31 PM,74.64,262,19555.68,ASX,
1:01:31 PM,74.64,127,9479.28,ASX,
1:01:31 PM,74.64,718,53591.52,ASX,
1:01:31 PM,74.64,207,15450.48,ASX,
1:01:31 PM,74.64,38,2836.32,ASX,
1:01:31 PM,74.64,78,5821.92,ASX,
1:01:31 PM,74.64,131,9777.84,ASX,
1:01:31 PM,74.64,194,14480.16,ASX,
1:01:30 PM,74.64,23,1716.72,ASX,
1:01:30 PM,74.64,530,39559.2,ASX,
1:01:30 PM,74.64,514,38364.96,ASX,
1:01:30 PM,74.64,520,38812.8,ASX,
1:01:30 PM,74.64,119,8882.16,ASX,
1:01:30 PM,74.64,175,13062,ASX,
1:01:30 PM,74.64,323,24108.72,ASX,
1:01:30 PM,74.64,126,9404.64,ASX,
1:01:30 PM,74.64,159,11867.76,ASX,
1:01:30 PM,74.64,308,22989.12,ASX,
1:01:30 PM,74.64,201,15002.64,ASX,
1:01:30 PM,74.64,93,6941.52,ASX,
1:01:30 PM,74.64,1000,74640,ASX,
1:01:30 PM,74.64,600,44784,ASX,
1:01:06 PM,74.65,80,5972,ASX,
1:01:03 PM,74.65,67,5001.55,ASX,
1:00:23 PM,74.68,13,970.84,CXA,
1:00:23 PM,74.66,100,7466,ASX,
1:00:15 PM,74.71,133,9936.43,CXA,
12:59:56 PM,74.69,230,17178.7,ASX,
12:59:52 PM,74.7,133,9935.1,ASX,
12:59:52 PM,74.7,67,5004.9,ASX,
12:59:52 PM,74.7,403,30104.1,ASX,
12:59:51 PM,74.7,97,7245.9,ASX,
12:59:51 PM,74.7,53,3959.1,ASX,
12:59:46 PM,74.72,56,4184.32,ASX,
12:59:46 PM,74.72,267,19950.24,ASX,
12:59:39 PM,74.73,133,9939.09,CXA,
12:59:34 PM,74.75,125,9343.75,ASX,
12:59:34 PM,74.74,55,4110.7,ASX,
12:59:34 PM,74.74,150,11211,ASX,
12:59:29 PM,74.76,35,2616.6,ASX,
12:59:22 PM,74.74,350,26159,ASX,
12:59:21 PM,74.75,1068,79833,CXA,
12:59:20 PM,74.74,150,11211,ASX,
12:59:13 PM,74.75,40,2990,ASX,
12:59:13 PM,74.75,245,18313.75,ASX,
12:59:13 PM,74.75,50,3737.5,ASX,
12:59:13 PM,74.75,8,598,ASX,
12:59:13 PM,74.75,57,4260.75,ASX,
12:59:13 PM,74.75,8,598,ASX,
12:59:13 PM,74.75,58,4335.5,ASX,
12:59:13 PM,74.75,64,4784,ASX,
12:59:13 PM,74.75,50,3737.5,ASX,
12:58:50 PM,74.77,534,39927.18,CXA,
12:58:50 PM,74.76,150,11214,ASX,
12:58:26 PM,74.77,26,1944.02,ASX,
12:58:23 PM,74.8,13,972.4,ASX,
12:58:21 PM,74.79,66,4936.14,CXA,
12:58:09 PM,74.8,66,4936.8,ASX,
12:58:04 PM,74.81,269,20123.89,CXA,
12:58:04 PM,74.81,92,6882.52,CXA,
12:58:04 PM,74.81,82,6134.42,CXA,
12:57:30 PM,74.8,27,2019.6,ASX,
12:57:25 PM,74.79,51,3814.29,ASX,
12:57:24 PM,74.79,82,6132.78,ASX,
12:57:23 PM,74.8,99,7405.2,CXA,
12:57:19 PM,74.8,26,1944.8,ASX,
12:57:14 PM,74.8,530,39644,ASX,
12:57:14 PM,74.8,26,1944.8,ASX,
12:57:14 PM,74.8,33,2468.4,ASX,
12:57:14 PM,74.8,17,1271.6,ASX,
12:57:14 PM,74.8,133,9948.4,ASX,
12:57:14 PM,74.8,17,1271.6,ASX,
12:57:13 PM,74.81,5,374.05,ASX,
12:57:13 PM,74.81,8,598.48,ASX,
12:57:08 PM,74.82,104,7781.28,CXA,
12:57:04 PM,74.82,35,2618.7,CXA,
12:57:00 PM,74.82,37,2768.34,ASX,
12:57:00 PM,74.82,213,15936.66,ASX,
12:57:00 PM,74.84,133,9953.72,CXA,
12:56:50 PM,74.84,6,449.04,ASX,
12:56:39 PM,74.88,200,14976,CXA,
12:56:38 PM,74.87,101,7561.87,ASX,
12:56:38 PM,74.87,3,224.61,ASX,
12:56:38 PM,74.88,496,37140.48,CXA,
12:56:12 PM,74.85,500,37425,CXA,
12:56:00 PM,74.84,40,2993.6,ASX,
12:55:40 PM,74.85,70,5239.5,ASX,
12:55:39 PM,74.86,10,748.6,ASX,
12:55:37 PM,74.88,20,1497.6,ASX,
12:55:37 PM,74.88,110,8236.8,ASX,
12:55:33 PM,74.88,15,1123.2,ASX,
12:55:30 PM,74.88,25,1872,ASX,
12:55:21 PM,74.86,730,54647.8,ASX,
12:55:21 PM,74.86,167,12501.62,ASX,
12:55:21 PM,74.86,150,11229,ASX,
12:55:20 PM,74.89,22,1647.58,ASX,
12:55:20 PM,74.88,38,2845.44,ASX,
12:55:20 PM,74.88,130,9734.4,ASX,
12:55:18 PM,74.88,53,3968.64,ASX,
12:54:54 PM,74.89,130,9735.7,ASX,
12:54:48 PM,74.84,11,823.24,ASX,
12:54:48 PM,74.85,26,1946.1,ASX,XT
12:54:48 PM,74.85,13,973.05,ASX,XT
12:54:48 PM,74.85,20,1497,ASX,
12:54:48 PM,74.86,65,4865.9,ASX,
12:54:47 PM,74.88,41,3070.08,ASX,
12:54:45 PM,74.88,68,5091.84,ASX,
12:54:42 PM,74.88,20,1497.6,ASX,
12:54:08 PM,74.91,110,8240.1,ASX,
12:53:55 PM,74.88,667,49944.96,CXA,
12:53:30 PM,74.85,250,18712.5,ASX,
12:53:30 PM,74.85,150,11227.5,ASX,
12:53:00 PM,74.89,15,1123.35,ASX,
12:52:32 PM,74.86,654,48958.44,ASX,
12:52:31 PM,74.81,291,21769.71,ASX,
12:52:31 PM,74.82,237,17732.34,ASX,
12:52:31 PM,74.83,150,11224.5,ASX,
12:52:31 PM,74.85,45,3368.25,ASX,XT
12:52:30 PM,74.8,684,51163.2,CXA,
12:52:29 PM,74.88,40,2995.2,ASX,
12:52:16 PM,74.82,163,12195.66,ASX,
12:52:06 PM,74.84,13,972.92,CXA,
12:51:55 PM,74.88,7,524.16,CXA,
12:51:46 PM,74.86,150,11229,ASX,
12:51:42 PM,74.9,8,599.2,ASX,
12:51:32 PM,74.93,13,974.09,ASX,
12:51:11 PM,74.98,86,6448.28,CXA,
12:51:10 PM,74.98,55,4123.9,CXA,
12:51:01 PM,74.93,199,14911.07,ASX,
12:50:59 PM,74.94,130,9742.2,ASX,
12:50:43 PM,74.96,398,29834.08,ASX,
12:50:43 PM,74.97,382,28638.54,CXA,
12:50:38 PM,74.97,33,2474.01,ASX,
12:50:19 PM,74.93,80,5994.4,ASX,
12:50:18 PM,74.89,17,1273.13,ASX,
12:50:18 PM,74.89,100,7489,ASX,
12:50:07 PM,74.82,3,224.46,ASX,
12:49:58 PM,74.79,250,18697.5,CXA,CX
12:49:57 PM,74.8,6,448.8,ASX,
12:49:57 PM,74.8,11,822.8,ASX,
12:49:57 PM,74.8,70,5236,ASX,
12:49:55 PM,74.81,150,11221.5,ASX,
12:49:55 PM,74.81,150,11221.5,ASX,
12:49:55 PM,74.81,150,11221.5,ASX,
12:49:26 PM,74.85,13,973.05,CXA,
12:49:25 PM,74.86,30,2245.8,CXA,
12:49:23 PM,74.86,70,5240.2,ASX,
12:49:23 PM,74.82,600,44892,ASX,
12:49:23 PM,74.82,1730,129438.6,CXA,
12:49:23 PM,74.82,120,8978.4,CXA,
12:49:23 PM,74.82,126,9427.32,CXA,
12:49:23 PM,74.82,121,9053.22,CXA,
12:49:23 PM,74.82,180,13467.6,CXA,
12:49:23 PM,74.82,633,47361.06,CXA,
12:49:23 PM,74.82,201,15038.82,CXA,
12:49:23 PM,74.82,151,11297.82,CXA,
12:49:23 PM,74.82,126,9427.32,CXA,
12:49:19 PM,74.81,34,2543.54,ASX,
12:49:13 PM,74.85,200,14970,CXA,
12:49:08 PM,74.84,13,972.92,CXA,
12:49:00 PM,74.82,35,2618.7,CXA,
12:48:54 PM,74.82,66,4938.12,ASX,
12:48:45 PM,74.81,387,28951.47,CXA,
12:48:44 PM,74.81,507,37928.67,CXA,
12:48:27 PM,74.81,13,972.53,CXA,
12:48:15 PM,74.81,66,4937.46,CXA,
12:47:49 PM,74.81,133,9949.73,ASX,
12:47:48 PM,74.81,250,18702.5,CXA,
12:47:46 PM,74.81,54,4039.74,CXA,
12:47:11 PM,74.77,250,18692.5,ASX,
12:46:59 PM,74.8,70,5236,ASX,
12:46:59 PM,74.8,133,9948.4,ASX,
12:46:59 PM,74.8,39,2917.2,ASX,
12:46:32 PM,74.83,411,30755.13,ASX,
12:46:32 PM,74.83,160,11972.8,ASX,
12:46:32 PM,74.83,129,9653.07,ASX,
12:46:13 PM,74.83,14,1047.62,ASX,
12:46:00 PM,74.81,132,9874.92,ASX,
12:45:48 PM,74.81,150,11221.5,ASX,
12:45:45 PM,74.81,335,25061.35,ASX,
12:45:42 PM,74.81,133,9949.73,CXA,
12:45:31 PM,74.82,36,2693.52,ASX,
12:45:31 PM,74.82,4,299.28,ASX,
12:45:23 PM,74.81,18,1346.58,ASX,
12:45:23 PM,74.81,32,2393.92,ASX,
12:45:23 PM,74.81,150,11221.5,ASX,
12:45:20 PM,74.84,15,1122.6,CXA,
12:45:11 PM,74.82,141,10549.62,CXA,
12:45:11 PM,74.82,292,21847.44,CXA,
12:45:11 PM,74.82,235,17582.7,CXA,
12:45:11 PM,74.82,164,12270.48,CXA,
12:45:11 PM,74.82,566,42348.12,CXA,
12:45:11 PM,74.82,180,13467.6,CXA,
12:45:03 PM,74.81,233,17430.73,ASX,
12:45:03 PM,74.81,150,11221.5,ASX,
12:45:03 PM,74.82,617,46163.94,CXA,
12:44:58 PM,74.78,15,1121.7,ASX,
12:44:56 PM,74.79,48,3589.92,ASX,
12:44:40 PM,74.8,340,25432,CXA,
12:44:39 PM,74.8,6,448.8,CXA,
12:44:39 PM,74.8,56,4188.8,ASX,
12:44:39 PM,74.8,63,4712.4,ASX,
12:44:39 PM,74.8,674,50415.2,ASX,
12:44:30 PM,74.8,66,4936.8,CXA,
12:43:59 PM,74.82,13,972.66,ASX,
12:43:53 PM,74.85,65,4865.25,ASX,
12:43:45 PM,74.86,300,22458,ASX,
12:43:40 PM,74.81,80,5984.8,ASX,
12:43:40 PM,74.81,150,11221.5,ASX,
12:43:14 PM,74.83,180,13469.4,ASX,
12:43:14 PM,74.83,150,11224.5,ASX,
12:43:09 PM,74.84,116,8681.44,ASX,
12:43:09 PM,74.84,150,11226,ASX,
12:42:56 PM,74.8,133,9948.4,CXA,
12:42:43 PM,74.75,1,74.75,ASX,
12:42:43 PM,74.75,3,224.25,ASX,
12:41:37 PM,74.73,150,11209.5,ASX,
12:41:32 PM,74.71,6,448.26,CXA,
12:41:19 PM,74.75,40,2990,ASX,
12:41:19 PM,74.75,649,48512.75,ASX,
12:41:17 PM,74.75,113,8446.75,ASX,
12:41:17 PM,74.75,75,5606.25,ASX,
12:41:17 PM,74.75,7,523.25,ASX,
12:41:05 PM,74.75,130,9717.5,ASX,
12:40:49 PM,74.77,13,972.01,CXA,
12:40:46 PM,74.77,1,74.77,ASX,
12:40:44 PM,74.8,66,4936.8,ASX,
12:40:44 PM,74.8,13,972.4,ASX,
12:40:44 PM,74.8,120,8976,ASX,
12:40:44 PM,74.8,7,523.6,ASX,
12:40:44 PM,74.8,23,1720.4,ASX,
12:40:44 PM,74.8,2,149.6,ASX,
12:40:44 PM,74.8,200,14960,ASX,
12:40:44 PM,74.8,5,374,ASX,
12:40:44 PM,74.8,40,2992,ASX,
12:40:44 PM,74.8,18,1346.4,ASX,
12:40:39 PM,74.81,99,7406.19,CXA,
12:40:24 PM,74.81,45,3366.45,ASX,
12:40:21 PM,74.81,125,9351.25,CXA,
12:40:21 PM,74.81,118,8827.58,CXA,
12:40:21 PM,74.81,149,11146.69,CXA,
12:40:21 PM,74.81,208,15560.48,CXA,
12:40:21 PM,74.81,106,7929.86,CXA,
12:40:21 PM,74.81,199,14887.19,CXA,
12:40:21 PM,74.81,446,33365.26,CXA,
12:40:21 PM,74.81,348,26033.88,CXA,
12:40:21 PM,74.81,202,15111.62,CXA,
12:40:12 PM,74.81,267,19974.27,ASX,
12:40:12 PM,74.81,334,24986.54,ASX,
12:40:08 PM,74.82,10000,748200,CXA,
12:40:03 PM,74.81,352,26333.12,ASX,
12:39:59 PM,74.81,14,1047.34,ASX,XT
12:39:54 PM,74.84,263,19682.92,CXA,
12:39:52 PM,74.84,10,748.4,CXA,
12:39:49 PM,74.84,250,18710,CXA,
12:39:46 PM,74.84,35,2619.4,CXA,
12:39:44 PM,74.85,99,7410.15,CXA,
12:39:36 PM,74.85,47,3517.95,ASX,CXXT
12:39:35 PM,74.85,164,12275.4,CXA,
12:39:29 PM,74.85,13,973.05,CXA,
12:39:27 PM,74.85,150,11227.5,ASX,CXXT
12:39:27 PM,74.85,150,11227.5,ASX,CXXT
12:39:21 PM,74.855,66,4940.43,ASX,CXXT
12:39:08 PM,74.86,266,19912.76,ASX,
12:38:54 PM,74.89,68,5092.52,CXA,
12:38:34 PM,74.9,163,12208.7,ASX,
12:38:34 PM,74.9,150,11235,ASX,
12:38:34 PM,74.9,236,17676.4,ASX,
12:38:34 PM,74.9,301,22544.9,ASX,
12:38:34 PM,74.9,122,9137.8,ASX,
12:38:34 PM,74.9,77,5767.3,ASX,
12:38:33 PM,74.91,816,61126.56,ASX,CXXT
12:38:26 PM,74.905,112,8389.36,ASX,CXXT
12:38:18 PM,74.9,286,21421.4,ASX,
12:38:18 PM,74.9,34,2546.6,ASX,
12:38:04 PM,74.9,233,17451.7,ASX,
12:37:43 PM,74.91,133,9963.03,CXA,
12:37:23 PM,74.87,202,15123.74,CXA,
12:37:23 PM,74.88,315,23587.2,ASX,
12:37:23 PM,74.88,150,11232,ASX,
12:37:21 PM,74.93,70,5245.1,CXA,
12:36:51 PM,74.86,27,2021.22,ASX,
12:36:26 PM,74.85,199,14895.15,ASX,
12:36:19 PM,74.85,13,973.05,ASX,
12:36:19 PM,74.85,43,3218.55,ASX,
12:36:12 PM,74.85,90,6736.5,ASX,
12:36:10 PM,74.88,13,973.44,CXA,
12:35:58 PM,74.89,179,13405.31,ASX,
12:35:58 PM,74.9,121,9062.9,CXA,
12:35:49 PM,74.9,23,1722.7,CXA,
12:35:47 PM,74.9,13,973.7,CXA,
12:35:34 PM,74.9,10,749,CXA,
12:35:30 PM,74.88,200,14976,ASX,
12:35:28 PM,74.9,22,1647.8,ASX,
12:34:47 PM,74.95,13,974.35,CXA,
12:34:46 PM,74.95,300,22485,CXA,
12:34:32 PM,74.96,53,3972.88,CXA,
12:34:21 PM,74.95,200,14990,CXA,
12:34:19 PM,74.94,1432,107314.08,ASX,NXXT
12:34:15 PM,74.95,25,1873.75,ASX,
12:33:54 PM,74.95,54,4047.3,ASX,
12:33:54 PM,74.95,89,6670.55,ASX,
12:33:54 PM,74.95,157,11767.15,ASX,
12:33:40 PM,74.91,400,29964,CXA,
12:33:31 PM,74.9,66,4943.4,ASX,
12:33:31 PM,74.9,1,74.9,ASX,
12:33:27 PM,74.91,234,17528.94,ASX,
12:33:27 PM,74.92,76,5693.92,CXA,
12:33:10 PM,74.95,133,9968.35,CXA,
12:32:36 PM,74.91,40,2996.4,ASX,
12:32:33 PM,74.94,4,299.76,ASX,
12:32:18 PM,74.94,75,5620.5,CXA,
12:31:53 PM,74.91,42,3146.22,ASX,
12:31:53 PM,74.91,150,11236.5,ASX,
12:31:45 PM,74.94,3,224.82,ASX,
12:31:45 PM,74.94,317,23755.98,ASX,
12:31:45 PM,74.93,3,224.79,ASX,
12:31:45 PM,74.93,3,224.79,ASX,
12:31:36 PM,74.9,9,674.1,ASX,
12:31:36 PM,74.9,130,9737,ASX,
12:31:36 PM,74.9,66,4943.4,ASX,
12:31:35 PM,74.91,67,5018.97,ASX,
12:31:32 PM,74.91,45,3370.95,CXA,
12:31:27 PM,74.92,100,7492,ASX,
12:31:23 PM,74.93,27,2023.11,ASX,
12:31:15 PM,74.93,26,1948.18,CXA,
12:31:13 PM,74.91,15,1123.65,ASX,
12:31:13 PM,74.91,55,4120.05,ASX,
12:31:11 PM,74.91,212,15880.92,ASX,
12:31:11 PM,74.93,70,5245.1,ASX,
12:31:06 PM,74.92,4,299.68,ASX,
12:31:04 PM,74.94,7,524.58,CXA,
12:30:57 PM,74.94,53,3971.82,ASX,
12:30:52 PM,74.95,13,974.35,ASX,
12:30:52 PM,74.95,133,9968.35,ASX,
12:30:32 PM,74.96,128,9594.88,ASX,
12:30:00 PM,74.95,70,5246.5,CXA,
12:29:57 PM,74.95,13,974.35,ASX,
12:29:57 PM,74.95,50,3747.5,ASX,
12:29:57 PM,74.95,135,10118.25,ASX,
12:29:55 PM,74.97,66,4948.02,ASX,
12:29:49 PM,74.99,100,7499,ASX,
12:29:28 PM,75,160,12000,ASX,
12:29:28 PM,75,66,4950,ASX,
12:29:10 PM,75.05,60,4503,CXA,
12:28:47 PM,75.03,17,1275.51,ASX,
12:28:33 PM,75.01,100,7501,ASX,
12:28:25 PM,74.99,349,26171.51,ASX,
12:28:24 PM,75,1,75,CXA,
12:28:14 PM,74.99,10,749.9,ASX,
12:28:14 PM,74.99,90,6749.1,ASX,
12:28:10 PM,74.99,60,4499.4,ASX,
12:27:57 PM,74.97,20,1499.4,ASX,
12:27:42 PM,74.99,133,9973.67,ASX,
12:27:42 PM,74.99,92,6899.08,ASX,
12:27:42 PM,74.99,174,13048.26,ASX,
12:27:42 PM,74.99,28,2099.72,ASX,
12:27:42 PM,74.99,40,2999.6,ASX,
12:27:37 PM,75.01,133,9976.33,ASX,
12:27:35 PM,75.02,10,750.2,CXA,
12:27:33 PM,75,2020,151500,CXA,
12:27:33 PM,75,2450,183750,CXA,
12:27:33 PM,75,39,2925,CXA,
12:27:29 PM,75,133,9975,ASX,
12:27:29 PM,75,138,10350,ASX,
12:27:23 PM,75.01,70,5250.7,ASX,
12:27:23 PM,75,133,9975,ASX,
12:27:23 PM,75,666,49950,ASX,
12:27:23 PM,75,13,975,ASX,
12:27:23 PM,75,30,2250,ASX,
12:27:23 PM,75,660,49500,ASX,
12:27:23 PM,75,100,7500,ASX,
12:27:23 PM,75,80,6000,ASX,
12:27:23 PM,75,13,975,ASX,
12:27:23 PM,75,55,4125,ASX,
12:27:23 PM,75,69,5175,ASX,
12:27:23 PM,75,650,48750,ASX,
12:27:23 PM,75,132,9900,ASX,
12:27:23 PM,75,150,11250,ASX,
12:27:23 PM,75,133,9975,ASX,
12:27:23 PM,75,100,7500,ASX,
12:27:23 PM,75,133,9975,ASX,
12:27:23 PM,75,133,9975,ASX,
12:27:23 PM,75,26,1950,ASX,
12:27:23 PM,75,133,9975,ASX,
12:27:23 PM,75,130,9750,ASX,
12:27:23 PM,75,117,8775,ASX,
12:27:23 PM,75.02,130,9752.6,CXA,
12:27:22 PM,75,143,10725,ASX,
12:27:22 PM,75,66,4950,ASX,
12:27:22 PM,75,70,5250,ASX,
12:27:22 PM,75,52,3900,ASX,
12:27:22 PM,75,26,1950,ASX,
12:27:22 PM,75,26,1950,ASX,
12:27:22 PM,75,2,150,ASX,
12:27:22 PM,75,130,9750,ASX,
12:27:22 PM,75,27,2025,ASX,
12:27:22 PM,75,40,3000,ASX,
12:27:22 PM,75,133,9975,ASX,
12:27:22 PM,75,3,225,ASX,
12:27:22 PM,75,22,1650,ASX,
12:27:22 PM,75,100,7500,ASX,
12:27:22 PM,75,8,600,ASX,
12:27:22 PM,75,80,6000,ASX,
12:27:22 PM,75,15,1125,ASX,
12:27:22 PM,75,350,26250,ASX,
12:27:22 PM,75,38,2850,ASX,
12:27:22 PM,75,133,9975,ASX,
12:27:22 PM,75,50,3750,ASX,
12:27:22 PM,75,50,3750,ASX,
12:27:22 PM,75,13,975,ASX,
12:27:22 PM,75,50,3750,ASX,
12:27:22 PM,75,50,3750,ASX,
12:27:22 PM,75,75,5625,ASX,
12:27:22 PM,75,200,15000,ASX,
12:27:22 PM,75,7,525,ASX,
12:27:22 PM,75,13,975,ASX,
12:27:22 PM,75,133,9975,ASX,
12:27:22 PM,75,19,1425,ASX,
12:27:22 PM,75,100,7500,ASX,
12:27:22 PM,75,250,18750,ASX,
12:27:22 PM,75,266,19950,ASX,
12:27:22 PM,75,32,2400,ASX,
12:27:22 PM,75,100,7500,ASX,
12:27:22 PM,75,13,975,ASX,
12:27:22 PM,75,66,4950,ASX,
12:27:22 PM,75,28,2100,ASX,
12:27:22 PM,75,100,7500,ASX,
12:27:22 PM,75,13,975,ASX,
12:27:22 PM,75,70,5250,ASX,
12:27:22 PM,75,150,11250,ASX,
12:27:22 PM,75,26,1950,ASX,
12:27:22 PM,75,133,9975,ASX,
12:27:22 PM,75,20,1500,ASX,
12:27:22 PM,75,33,2475,ASX,
12:27:22 PM,75,13,975,ASX,
12:27:22 PM,75,12,900,ASX,
12:27:22 PM,75,13,975,ASX,
12:27:22 PM,75,130,9750,ASX,
12:27:22 PM,75,650,48750,ASX,
12:27:22 PM,75,666,49950,ASX,
12:27:22 PM,75,70,5250,ASX,
12:27:22 PM,75,26,1950,ASX,
12:27:22 PM,75,27,2025,ASX,
12:27:22 PM,75,1,75,ASX,
12:27:22 PM,75,150,11250,ASX,
12:27:22 PM,75,133,9975,ASX,
12:27:22 PM,75,200,15000,ASX,
12:27:22 PM,75,100,7500,ASX,
12:27:22 PM,75,266,19950,ASX,
12:27:22 PM,75,133,9975,ASX,
12:27:22 PM,75,100,7500,ASX,
12:27:22 PM,75,133,9975,ASX,
12:27:22 PM,75,40,3000,ASX,
12:27:22 PM,75,26,1950,ASX,
12:27:22 PM,75,1000,75000,ASX,
12:27:22 PM,75,25,1875,ASX,
12:27:22 PM,75,200,15000,ASX,
12:27:22 PM,75,66,4950,ASX,
12:27:22 PM,75,133,9975,ASX,
12:27:22 PM,75,133,9975,ASX,
12:27:22 PM,75,133,9975,ASX,
12:27:22 PM,75,66,4950,ASX,
12:27:22 PM,75,25,1875,ASX,
12:27:22 PM,75,133,9975,ASX,
12:27:22 PM,75,100,7500,ASX,
12:27:22 PM,75,133,9975,ASX,
12:27:22 PM,75,100,7500,ASX,
12:27:22 PM,75,665,49875,ASX,
12:27:22 PM,75,31,2325,ASX,
12:27:22 PM,75,133,9975,ASX,
12:27:22 PM,75,16,1200,ASX,
12:27:22 PM,75,110,8250,ASX,
12:27:22 PM,75,132,9900,ASX,
12:27:22 PM,75,6,450,ASX,
12:27:22 PM,75,80,6000,ASX,
12:27:22 PM,75,300,22500,ASX,
12:27:22 PM,75,106,7950,ASX,
12:27:22 PM,75,25,1875,ASX,
12:27:22 PM,75,130,9750,ASX,
12:27:22 PM,75,33,2475,ASX,
12:27:22 PM,75,84,6300,ASX,
12:27:22 PM,75,66,4950,ASX,
12:27:22 PM,75,26,1950,ASX,
12:27:22 PM,75,106,7950,ASX,
12:27:22 PM,75,13,975,ASX,
12:27:22 PM,75,13,975,ASX,
12:27:22 PM,75,1000,75000,ASX,
12:27:22 PM,75,100,7500,ASX,
12:27:22 PM,75,30,2250,ASX,
12:27:22 PM,75,100,7500,ASX,
12:27:22 PM,75,50,3750,ASX,
12:27:22 PM,75,200,15000,ASX,
12:27:22 PM,75,50,3750,ASX,
12:27:22 PM,75,20,1500,ASX,
12:27:22 PM,75,53,3975,ASX,
12:27:22 PM,75,133,9975,ASX,
12:27:22 PM,75,90,6750,ASX,
12:27:22 PM,75,662,49650,ASX,
12:27:22 PM,75,16,1200,ASX,
12:27:22 PM,75,13,975,ASX,
12:27:22 PM,75,250,18750,ASX,
12:27:22 PM,75,15,1125,ASX,
12:27:22 PM,75,266,19950,ASX,
12:27:22 PM,75,66,4950,ASX,
12:27:22 PM,75,40,3000,ASX,
12:27:22 PM,75,199,14925,ASX,
12:27:22 PM,75,66,4950,ASX,
12:27:22 PM,75,13,975,ASX,
12:27:22 PM,75,8,600,ASX,
12:27:22 PM,75,150,11250,ASX,
12:27:22 PM,75,133,9975,ASX,
12:27:22 PM,75,4,300,ASX,
12:27:22 PM,75,13,975,ASX,
12:27:22 PM,75,70,5250,ASX,
12:27:22 PM,75,20,1500,ASX,
12:27:22 PM,75,50,3750,ASX,
12:27:22 PM,75,7,525,ASX,
12:27:22 PM,75,266,19950,ASX,
12:27:22 PM,75,66,4950,ASX,
12:27:22 PM,75,66,4950,ASX,
12:27:22 PM,75,133,9975,ASX,
12:27:22 PM,75,10,750,ASX,
12:27:22 PM,75,15,1125,ASX,
12:27:22 PM,75,100,7500,ASX,
12:27:22 PM,75,14,1050,ASX,
12:27:22 PM,75,350,26250,ASX,
12:27:22 PM,75,33,2475,ASX,
12:27:22 PM,75,26,1950,ASX,
12:27:22 PM,75,1,75,ASX,
12:27:22 PM,75,135,10125,ASX,
12:27:22 PM,75,12,900,ASX,
12:27:22 PM,75,266,19950,ASX,
12:27:22 PM,75,400,30000,ASX,
12:27:22 PM,75,70,5250,ASX,
12:27:22 PM,75,133,9975,ASX,
12:27:22 PM,75,125,9375,ASX,
12:27:22 PM,75,100,7500,ASX,
12:27:22 PM,75,6,450,ASX,
12:27:22 PM,75,150,11250,ASX,
12:27:22 PM,75,66,4950,ASX,
12:27:22 PM,75,67,5025,ASX,
12:27:22 PM,75,200,15000,ASX,
12:27:22 PM,75,300,22500,ASX,
12:27:22 PM,75,40,3000,ASX,
12:27:22 PM,75,26,1950,ASX,
12:27:22 PM,75,199,14925,ASX,
12:27:22 PM,75,40,3000,ASX,
12:27:22 PM,75,266,19950,ASX,
12:27:22 PM,75,13,975,ASX,
12:27:22 PM,75,35,2625,ASX,
12:27:22 PM,75,602,45150,ASX,
12:27:22 PM,75,266,19950,ASX,
12:27:22 PM,75,50,3750,ASX,
12:27:22 PM,75,266,19950,ASX,
12:27:22 PM,75,199,14925,ASX,
12:27:22 PM,75,266,19950,ASX,
12:27:17 PM,75.02,330,24756.6,ASX,
12:27:16 PM,75.02,1000,75020,CXA,
12:27:12 PM,75.02,161,12078.22,CXA,
12:27:09 PM,75.01,50,3750.5,ASX,
12:27:09 PM,75.01,50,3750.5,ASX,
12:27:09 PM,75.01,100,7501,ASX,
12:27:09 PM,75.01,2500,187525,ASX,
12:27:09 PM,75.01,34,2550.34,ASX,
12:27:09 PM,75.01,2000,150020,ASX,
12:27:09 PM,75.01,100,7501,ASX,
12:26:41 PM,75.03,57,4276.71,ASX,
12:26:38 PM,75.06,25,1876.5,CXA,
12:26:31 PM,75.06,133,9982.98,ASX,
12:26:14 PM,75.06,26,1951.56,ASX,
12:25:57 PM,75.06,130,9757.8,ASX,
12:25:52 PM,75.07,402,30178.14,ASX,
12:25:52 PM,75.07,84,6305.88,ASX,
12:25:52 PM,75.08,14,1051.12,CXA,
12:25:46 PM,75.07,66,4954.62,ASX,
12:25:37 PM,75.05,132,9906.6,ASX,
12:25:25 PM,75.06,4000,300240,CXA,
12:25:23 PM,75.06,1000,75060,ASX,
12:24:58 PM,75.01,50,3750.5,ASX,
12:24:40 PM,75.04,532,39921.28,CXA,
12:24:38 PM,75.04,133,9980.32,CXA,
12:24:31 PM,75.05,100,7505,CXA,
12:24:28 PM,75.04,10,750.4,CXA,
12:24:27 PM,75.04,15,1125.6,CXA,
12:24:16 PM,75.03,133,9978.99,CXA,
12:24:08 PM,75.03,120,9003.6,ASX,
12:23:55 PM,75.06,30,2251.8,CXA,
12:23:47 PM,75.05,93,6979.65,ASX,
12:23:45 PM,75.08,133,9985.64,CXA,
12:23:41 PM,75.1,135,10138.5,ASX,
12:23:32 PM,75.06,66,4953.96,ASX,
12:23:21 PM,75.08,67,5030.36,CXA,
12:23:21 PM,75.08,13,976.04,CXA,
12:23:17 PM,75.06,13,975.78,ASX,
12:23:17 PM,75.06,5,375.3,ASX,
12:23:03 PM,75.08,540,40543.2,ASX,
12:22:48 PM,75.08,267,20046.36,ASX,
12:22:45 PM,75.08,66,4955.28,CXA,
12:22:26 PM,75.1,39,2928.9,ASX,
12:22:26 PM,75.1,50,3755,ASX,
12:22:26 PM,75.1,400,30040,ASX,
12:22:26 PM,75.1,82,6158.2,ASX,
12:22:26 PM,75.1,187,14043.7,ASX,
12:22:07 PM,75.15,100,7515,CXA,
12:21:51 PM,75.12,28,2103.36,CXA,
12:21:40 PM,75.12,1464,109975.68,CXA,
12:21:36 PM,75.12,146,10967.52,ASX,
12:21:33 PM,75.12,133,9990.96,ASX,
12:21:27 PM,75.12,100,7512,ASX,
12:21:11 PM,75.13,140,10518.2,CXA,
12:21:08 PM,75.12,330,24789.6,ASX,
12:21:03 PM,75.14,5,375.7,ASX,
12:21:01 PM,75.14,282,21189.48,ASX,
12:21:00 PM,75.15,35,2630.25,ASX,
12:20:32 PM,75.15,128,9619.2,ASX,
12:20:20 PM,75.18,26,1954.68,ASX,
12:20:01 PM,75.15,132,9919.8,ASX,
12:19:48 PM,75.12,136,10216.32,ASX,
12:19:44 PM,75.14,7,525.98,ASX,
12:19:32 PM,75.1,15,1126.5,ASX,
12:19:29 PM,75.12,300,22536,ASX,
12:19:12 PM,75.16,40,3006.4,CXA,
12:19:12 PM,75.16,66,4960.56,CXA,
12:18:39 PM,75.13,200,15026,ASX,
12:18:39 PM,75.13,150,11269.5,ASX,
12:18:36 PM,75.16,13,977.08,CXA,
12:18:15 PM,75.13,40,3005.2,ASX,
12:18:08 PM,75.1,51,3830.1,ASX,
12:18:00 PM,75.07,233,17491.31,CXA,
12:18:00 PM,75.07,177,13287.39,CXA,
12:17:58 PM,75.07,19,1426.33,CXA,
12:17:46 PM,75.09,33,2477.97,ASX,
12:17:46 PM,75.09,20,1501.8,ASX,
12:17:36 PM,75.09,130,9761.7,ASX,
12:17:23 PM,75.08,200,15016,ASX,
12:17:19 PM,75.07,19,1426.33,ASX,
12:17:09 PM,75.09,64,4805.76,ASX,
12:16:47 PM,75.09,70,5256.3,ASX,
12:16:32 PM,75.08,94,7057.52,ASX,
12:16:32 PM,75.08,150,11262,ASX,
12:16:06 PM,75.06,17,1276.02,ASX,
12:16:06 PM,75.06,100,7506,ASX,
12:16:04 PM,75.05,70,5253.5,ASX,
12:16:02 PM,75.01,423,31729.23,ASX,
12:16:02 PM,75.01,690,51756.9,ASX,
12:16:02 PM,75.01,400,30004,ASX,
12:16:02 PM,75.01,150,11251.5,ASX,
12:15:53 PM,75.02,2,150.04,CXA,
12:15:52 PM,75.02,250,18755,CXA,
12:15:51 PM,75.01,106,7951.06,ASX,
12:15:47 PM,75.04,70,5252.8,ASX,
12:15:43 PM,75.04,51,3827.04,ASX,
12:15:40 PM,75.04,32,2401.28,ASX,
12:15:34 PM,75.06,33,2476.98,CXA,
12:15:25 PM,75.07,65,4879.55,CXA,
12:15:04 PM,75.05,50,3752.5,ASX,
12:15:02 PM,75.03,133,9978.99,ASX,
12:14:57 PM,75.06,50,3753,ASX,
12:14:57 PM,75.06,190,14261.4,CXA,
12:14:48 PM,75.08,45,3378.6,ASX,
12:14:32 PM,75.11,25,1877.75,ASX,
12:14:22 PM,75.06,100,7506,ASX,
12:14:21 PM,75.06,26,1951.56,CXA,
12:14:15 PM,75.07,133,9984.31,ASX,
12:14:06 PM,75.03,331,24834.93,ASX,
12:13:57 PM,75.07,13,975.91,ASX,
12:13:49 PM,75.04,194,14557.76,ASX,
12:13:28 PM,75.03,1000,75030,CXA,
12:13:12 PM,75.03,500,37515,CXA,
12:13:05 PM,75.04,9,675.36,CXA,
12:13:04 PM,75.01,645,48381.45,CXA,
12:13:01 PM,75.01,36,2700.36,ASX,
12:13:01 PM,75.01,366,27453.66,ASX,
12:13:01 PM,75.01,133,9976.33,ASX,
12:13:01 PM,75.01,35,2625.35,ASX,
12:13:01 PM,75.01,33,2475.33,ASX,
12:13:01 PM,75.01,33,2475.33,ASX,
12:13:00 PM,75.01,7,525.07,ASX,
12:12:41 PM,75.06,29,2176.74,ASX,
12:12:23 PM,75.03,365,27385.95,ASX,
12:12:23 PM,75.03,72,5402.16,ASX,
12:12:19 PM,75.03,72,5402.16,ASX,
12:11:59 PM,75.07,350,26274.5,ASX,
12:11:45 PM,75.08,52,3904.16,ASX,
12:11:36 PM,75.09,515,38671.35,ASX,
12:11:36 PM,75.09,150,11263.5,ASX,
12:11:30 PM,75.1,40,3004,CXA,
12:11:02 PM,75.06,11,825.66,CXA,
12:10:55 PM,75.02,33,2475.66,ASX,
12:10:48 PM,75.05,100,7505,ASX,
12:10:47 PM,75.07,66,4954.62,CXA,
12:10:09 PM,75.07,35,2627.45,ASX,
12:10:04 PM,75.06,143,10733.58,ASX,
12:10:04 PM,75.06,607,45561.42,ASX,
12:10:04 PM,75.05,600,45030,ASX,
12:10:04 PM,75.05,150,11257.5,ASX,
12:09:55 PM,75.05,500,37525,ASX,
12:09:55 PM,75.05,400,30020,ASX,
12:09:55 PM,75.05,27,2026.35,ASX,
12:09:55 PM,75.05,400,30020,ASX,
12:09:55 PM,75.05,395,29644.75,ASX,
12:09:55 PM,75.05,178,13358.9,ASX,
12:09:55 PM,75.05,300,22515,ASX,
12:09:55 PM,75.05,498,37374.9,ASX,
12:09:55 PM,75.05,150,11257.5,ASX,
12:09:55 PM,75.05,330,24766.5,ASX,
12:09:55 PM,75.05,354,26567.7,ASX,
12:09:53 PM,75.06,60,4503.6,ASX,
12:09:53 PM,75.08,130,9760.4,ASX,
12:09:52 PM,75.08,273,20496.84,ASX,
12:09:46 PM,75.08,80,6006.4,ASX,
12:09:45 PM,75.06,216,16212.96,ASX,
12:09:45 PM,75.06,12,900.72,ASX,
12:09:31 PM,75.07,15,1126.05,ASX,
12:09:31 PM,75.07,593,44516.51,CXA,
12:09:24 PM,75.12,50,3756,ASX,
12:09:14 PM,75.1,100,7510,ASX,
12:09:14 PM,75.1,665,49941.5,ASX,
12:09:11 PM,75.13,13,976.69,ASX,
12:09:00 PM,75.14,19,1427.66,ASX,
12:08:59 PM,75.12,950,71364,ASX,
12:08:56 PM,75.12,50,3756,ASX,
12:08:32 PM,75.13,326,24492.38,ASX,
12:08:32 PM,75.13,356,26746.28,ASX,
12:08:32 PM,75.13,195,14650.35,ASX,
12:08:32 PM,75.13,185,13899.05,ASX,
12:08:32 PM,75.13,221,16603.73,ASX,
12:08:32 PM,75.13,279,20961.27,ASX,
12:08:27 PM,75.18,50,3759,CXA,
12:08:00 PM,75.15,66,4959.9,ASX,
12:07:54 PM,75.1,66,4956.6,ASX,
12:07:52 PM,75.1,66,4956.6,ASX,
12:07:43 PM,75.1,41,3079.1,ASX,
12:07:43 PM,75.1,307,23055.7,ASX,
12:07:43 PM,75.1,150,11265,ASX,
12:07:43 PM,75.11,502,37705.22,CXA,
12:07:29 PM,75.08,89,6682.12,ASX,
12:07:29 PM,75.08,150,11262,ASX,
12:07:11 PM,75.14,75,5635.5,ASX,
12:07:06 PM,75.09,886,66529.74,ASX,
12:07:06 PM,75.1,464,34846.4,ASX,
12:07:06 PM,75.1,150,11265,ASX,
12:07:03 PM,75.11,100,7511,ASX,
12:07:01 PM,75.09,17,1276.53,ASX,
12:06:56 PM,75.11,513,38531.43,ASX,
12:06:56 PM,75.11,150,11266.5,ASX,
12:06:56 PM,75.12,337,25315.44,CXA,
12:06:26 PM,75.08,80,6006.4,CXA,
12:06:15 PM,75.1,130,9763,ASX,
12:06:06 PM,75.09,67,5031.03,ASX,
12:05:46 PM,75.09,67,5031.03,ASX,
12:05:45 PM,75.1,70,5257,ASX,
12:05:45 PM,75.1,66,4956.6,ASX,
12:05:45 PM,75.1,38,2853.8,ASX,
12:05:45 PM,75.1,28,2102.8,ASX,
12:05:45 PM,75.1,133,9988.3,ASX,
12:05:45 PM,75.1,341,25609.1,ASX,
12:05:45 PM,75.1,299,22454.9,ASX,
12:05:40 PM,75.13,25,1878.25,CXA,
12:05:38 PM,75.13,66,4958.58,CXA,
12:05:22 PM,75.13,20,1502.6,ASX,
12:05:22 PM,75.13,132,9917.16,ASX,
12:05:20 PM,75.12,130,9765.6,ASX,
12:05:04 PM,75.11,600,45066,ASX,
12:04:56 PM,75.15,500,37575,ASX,
12:04:35 PM,75.18,65,4886.7,ASX,
12:04:14 PM,75.22,660,49645.2,CXA,
12:04:09 PM,75.19,100,7519,CXA,
12:04:09 PM,75.24,66,4965.84,ASX,
12:04:03 PM,75.21,30,2256.3,CXA,
12:03:54 PM,75.23,451,33928.73,ASX,
12:03:54 PM,75.23,336,25277.28,ASX,
12:03:54 PM,75.23,255,19183.65,ASX,
12:03:54 PM,75.23,286,21515.78,ASX,
12:03:44 PM,75.27,38,2860.26,CXA,
12:03:41 PM,75.25,382,28745.5,ASX,
12:03:41 PM,75.25,18,1354.5,ASX,
12:03:40 PM,75.25,132,9933,ASX,
12:03:10 PM,75.2,200,15040,ASX,
12:03:09 PM,75.19,5155,387604.45,ASX,
12:03:09 PM,75.19,162,12180.78,ASX,
12:03:09 PM,75.19,22,1654.18,ASX,
12:03:09 PM,75.19,87,6541.53,ASX,
12:03:09 PM,75.19,283,21278.77,ASX,
12:03:09 PM,75.19,302,22707.38,ASX,
12:03:09 PM,75.19,24,1804.56,ASX,
12:03:09 PM,75.19,175,13158.25,ASX,
12:03:09 PM,75.19,101,7594.19,ASX,
12:03:09 PM,75.19,87,6541.53,ASX,
12:03:09 PM,75.19,136,10225.84,ASX,
12:03:09 PM,75.19,40,3007.6,ASX,
12:03:09 PM,75.19,826,62106.94,ASX,
12:03:09 PM,75.19,600,45114,ASX,
12:03:09 PM,75.19,1000,75190,ASX,
12:03:09 PM,75.19,1000,75190,ASX,
12:03:09 PM,75.19,61,4586.59,CXA,
12:03:09 PM,75.19,874,65716.06,CXA,
12:03:09 PM,75.19,2434,183012.46,CXA,
12:03:09 PM,75.19,897,67445.43,CXA,
12:03:09 PM,75.19,576,43309.44,CXA,
12:03:09 PM,75.19,428,32181.32,CXA,
12:03:09 PM,75.19,460,34587.4,CXA,
12:03:09 PM,75.19,1141,85791.79,CXA,
12:03:09 PM,75.19,1052,79099.88,CXA,
12:03:09 PM,75.19,478,35940.82,CXA,
12:03:09 PM,75.19,1599,120228.81,CXA,
12:03:07 PM,75.21,300,22563,ASX,
12:02:42 PM,75.1,10,751,ASX,
12:02:28 PM,75.15,665,49974.75,ASX,
12:02:28 PM,75.15,147,11047.05,ASX,
12:02:28 PM,75.15,51,3832.65,ASX,
12:02:28 PM,75.15,52,3907.8,ASX,
12:02:10 PM,75.21,66,4963.86,ASX,
12:02:07 PM,75.17,50,3758.5,ASX,
12:02:07 PM,75.17,150,11275.5,ASX,
12:01:41 PM,75.17,23,1728.91,ASX,
12:01:39 PM,75.17,86,6464.62,ASX,
12:01:38 PM,75.19,26,1954.94,CXA,
12:01:28 PM,75.19,133,10000.27,CXA,
12:01:27 PM,75.16,66,4960.56,ASX,
12:01:15 PM,75.22,50,3761,CXA,
12:01:04 PM,75.19,13,977.47,ASX,
12:00:53 PM,75.2,300,22560,CXA,
12:00:31 PM,75.16,33,2480.28,ASX,
12:00:25 PM,75.16,46,3457.36,ASX,
12:00:25 PM,75.16,600,45096,ASX,
12:00:25 PM,75.16,70,5261.2,ASX,
12:00:21 PM,75.12,214,16075.68,ASX,
12:00:18 PM,75.12,50,3756,ASX,
12:00:15 PM,75.13,27,2028.51,ASX,
12:00:03 PM,75.17,168,12628.56,ASX,
12:00:03 PM,75.16,762,57271.92,ASX,
11:59:52 AM,75.15,45,3381.75,ASX,
11:59:29 AM,75.15,146,10971.9,ASX,
11:59:29 AM,75.15,404,30360.6,ASX,
11:59:29 AM,75.15,150,11272.5,ASX,
11:59:04 AM,75.13,100,7513,ASX,
11:59:04 AM,75.13,150,11269.5,ASX,
11:59:03 AM,75.17,26,1954.42,CXA,
11:58:56 AM,75.17,33,2480.61,CXA,
11:58:54 AM,75.17,67,5036.39,ASX,
11:58:54 AM,75.17,300,22551,ASX,
11:58:52 AM,75.2,20,1504,ASX,
11:58:48 AM,75.2,246,18499.2,ASX,
11:58:48 AM,75.2,19,1428.8,ASX,
11:58:48 AM,75.2,131,9851.2,ASX,
11:58:34 AM,75.21,170,12785.7,CXA,
11:58:29 AM,75.21,28,2105.88,ASX,
11:58:14 AM,75.27,13,978.51,ASX,
11:58:08 AM,75.27,20,1505.4,ASX,
11:58:03 AM,75.24,370,27838.8,CXA,
11:57:59 AM,75.24,26,1956.24,CXA,
11:57:43 AM,75.24,9,677.16,CXA,
11:57:30 AM,75.24,93,6997.32,ASX,
11:57:28 AM,75.24,26,1956.24,CXA,
11:57:11 AM,75.28,1500,112920,CXA,
11:57:06 AM,75.27,330,24839.1,ASX,
11:56:57 AM,75.27,300,22581,ASX,
11:56:57 AM,75.29,7,527.03,ASX,
11:56:57 AM,75.29,90,6776.1,ASX,
11:56:53 AM,75.31,80,6024.8,ASX,
11:56:49 AM,75.3,13,978.9,ASX,
11:56:42 AM,75.35,265,19967.75,CXA,
11:56:39 AM,75.3,16,1204.8,CXA,
11:56:39 AM,75.35,26,1959.1,ASX,
11:56:30 AM,75.34,66,4972.44,CXA,
11:56:20 AM,75.3,151,11370.3,ASX,
11:56:20 AM,75.3,179,13478.7,ASX,
11:56:17 AM,75.35,1000,75350,CXA,
11:56:17 AM,75.33,27,2033.91,ASX,
11:56:12 AM,75.35,377,28406.95,ASX,
11:56:12 AM,75.35,390,29386.5,ASX,
11:56:10 AM,75.34,53,3993.02,CXA,
11:56:10 AM,75.34,60,4520.4,CXA,
11:55:38 AM,75.33,1500,112995,CXA,
11:55:32 AM,75.33,40,3013.2,CXA,
11:55:28 AM,75.33,40,3013.2,CXA,
11:55:25 AM,75.32,265,19959.8,CXA,
11:55:18 AM,75.34,181,13636.54,ASX,
11:55:18 AM,75.34,150,11301,ASX,
11:55:17 AM,75.34,343,25841.62,ASX,
11:55:17 AM,75.34,150,11301,ASX,
11:55:17 AM,75.35,507,38202.45,CXA,
11:55:11 AM,75.31,105,7907.55,ASX,
11:55:11 AM,75.32,347,26136.04,ASX,
11:55:11 AM,75.32,70,5272.4,ASX,XT
11:54:47 AM,75.37,140,10551.8,ASX,
11:54:47 AM,75.38,67,5050.46,ASX,
11:54:34 AM,75.4,500,37700,CXA,
11:54:29 AM,75.4,26,1960.4,CXA,
11:54:23 AM,75.4,21,1583.4,ASX,
11:54:19 AM,75.4,115,8671,ASX,
11:54:19 AM,75.4,535,40339,ASX,
11:54:04 AM,75.38,18,1356.84,ASX,
11:53:56 AM,75.41,38,2865.58,ASX,
11:53:54 AM,75.4,133,10028.2,ASX,
11:53:42 AM,75.42,1000,75420,CXA,
11:53:39 AM,75.33,6,451.98,ASX,
11:53:32 AM,75.37,9,678.33,ASX,
11:53:32 AM,75.35,13,979.55,ASX,
11:53:24 AM,75.39,150,11308.5,ASX,
11:53:24 AM,75.4,840,63336,CXA,
11:52:53 AM,75.41,10,754.1,CXA,
11:52:44 AM,75.37,197,14847.89,ASX,
11:52:40 AM,75.4,66,4976.4,CXA,
11:52:32 AM,75.42,26,1960.92,ASX,
11:52:22 AM,75.44,13,980.72,ASX,
11:52:15 AM,75.41,110,8295.1,ASX,
11:52:12 AM,75.38,115,8668.7,ASX,
11:52:12 AM,75.39,60,4523.4,ASX,
11:52:12 AM,75.39,271,20430.69,ASX,
11:52:12 AM,75.4,281,21187.4,ASX,
11:52:12 AM,75.4,150,11310,ASX,
11:52:12 AM,75.4,297,22393.8,ASX,
11:52:12 AM,75.4,150,11310,ASX,
11:52:02 AM,75.39,52,3920.28,ASX,
11:52:02 AM,75.39,150,11308.5,ASX,
11:51:58 AM,75.47,66,4981.02,CXA,
11:51:57 AM,75.46,341,25731.86,ASX,
11:51:56 AM,75.47,57,4301.79,CXA,
11:51:48 AM,75.45,20,1509,ASX,
11:51:48 AM,75.46,120,9055.2,ASX,
11:51:30 AM,75.47,66,4981.02,ASX,
11:51:14 AM,75.48,30,2264.4,CXA,
11:51:14 AM,75.48,1000,75480,CXA,
11:51:11 AM,75.48,12,905.76,ASX,
11:51:06 AM,75.49,40,3019.6,CXA,
11:51:03 AM,75.48,181,13661.88,ASX,
11:51:00 AM,75.49,52,3925.48,CXA,
11:50:30 AM,75.45,70,5281.5,ASX,
11:50:12 AM,75.41,120,9049.2,ASX,
11:50:08 AM,75.41,50,3770.5,ASX,
11:49:57 AM,75.37,70,5275.9,ASX,
11:49:43 AM,75.37,66,4974.42,ASX,
11:49:41 AM,75.37,132,9948.84,CXA,
11:49:36 AM,75.4,800,60320,CXA,
11:49:31 AM,75.44,11,829.84,ASX,
11:49:18 AM,75.42,83,6259.86,ASX,
11:49:18 AM,75.42,80,6033.6,ASX,
11:49:16 AM,75.4,66,4976.4,ASX,
11:49:07 AM,75.38,132,9950.16,ASX,
11:49:05 AM,75.39,1079,81345.81,ASX,
11:49:05 AM,75.39,771,58125.69,ASX,
11:49:05 AM,75.39,150,11308.5,ASX,
11:49:00 AM,75.37,6,452.22,ASX,
11:48:56 AM,75.45,320,24144,ASX,
11:48:56 AM,75.45,1000,75450,ASX,
11:48:50 AM,75.47,450,33961.5,ASX,
11:48:50 AM,75.47,150,11320.5,ASX,
11:48:34 AM,75.47,7,528.29,CXA,
11:48:20 AM,75.41,1000,75410,ASX,
11:48:08 AM,75.4,26,1960.4,ASX,
11:47:51 AM,75.5,66,4983,ASX,XT
11:47:42 AM,75.49,26,1962.74,ASX,
11:47:38 AM,75.39,12,904.68,ASX,
11:47:33 AM,75.46,10,754.6,ASX,
11:47:33 AM,75.46,500,37730,CXA,
11:47:29 AM,75.39,798,60161.22,ASX,
11:47:15 AM,75.38,1728,130256.64,ASX,
11:47:15 AM,75.38,150,11307,ASX,
11:47:15 AM,75.37,422,31806.14,CXA,
11:46:57 AM,75.38,199,15000.62,ASX,
11:46:21 AM,75.21,102,7671.42,CXA,
11:46:16 AM,75.24,312,23474.88,CXA,
11:46:16 AM,75.24,66,4965.84,ASX,
11:46:16 AM,75.24,34,2558.16,ASX,
11:45:49 AM,75.1,50,3755,CXA,
11:45:44 AM,75.09,250,18772.5,ASX,
11:45:40 AM,75.09,13,976.17,CXA,
11:45:16 AM,75.06,27,2026.62,CXA,
11:45:16 AM,75.06,50,3753,ASX,
11:45:13 AM,75.06,13,975.78,ASX,
11:45:11 AM,75.06,33,2476.98,ASX,
11:45:04 AM,75.09,67,5031.03,CXA,
11:45:03 AM,75.09,100,7509,ASX,
11:44:52 AM,75.09,35,2628.15,CXA,
11:44:04 AM,75.07,150,11260.5,ASX,
11:43:49 AM,75.07,400,30028,CXA,
11:43:45 AM,75.06,400,30024,ASX,
11:43:42 AM,75.06,400,30024,CXA,
11:43:38 AM,75.05,100,7505,ASX,
11:43:38 AM,75.05,500,37525,ASX,
11:43:36 AM,75.06,34,2552.04,ASX,
11:43:29 AM,75.07,35,2627.45,CXA,
11:43:08 AM,75.1,66,4956.6,CXA,
11:42:56 AM,75.1,46,3454.6,ASX,
11:42:44 AM,75.1,133,9988.3,ASX,
11:42:44 AM,75.1,1064,79906.4,ASX,
11:42:44 AM,75.1,532,39953.2,ASX,
11:42:44 AM,75.1,15,1126.5,ASX,
11:42:44 AM,75.1,12,901.2,ASX,
11:42:44 AM,75.1,14,1051.4,ASX,
11:42:44 AM,75.1,133,9988.3,ASX,
11:42:44 AM,75.1,1,75.1,ASX,
11:42:44 AM,75.1,76,5707.6,ASX,
11:42:44 AM,75.1,74,5557.4,ASX,
11:42:44 AM,75.1,76,5707.6,ASX,
11:42:44 AM,75.1,10,751,ASX,
11:42:44 AM,75.1,3,225.3,ASX,
11:42:44 AM,75.1,136,10213.6,ASX,
11:42:36 AM,75.11,200,15022,CXA,
11:42:36 AM,75.11,247,18552.17,CXA,
11:42:33 AM,75.11,133,9989.63,ASX,
11:42:31 AM,75.12,200,15024,ASX,
11:42:28 AM,75.12,137,10291.44,ASX,
11:42:27 AM,75.12,13,976.56,ASX,
11:42:27 AM,75.13,50,3756.5,CXA,
11:42:24 AM,75.14,400,30056,CXA,
11:42:24 AM,75.14,50,3757,ASX,
11:42:20 AM,75.14,133,9993.62,CXA,
11:42:18 AM,75.14,83,6236.62,ASX,
11:42:18 AM,75.14,17,1277.38,ASX,
11:42:18 AM,75.14,133,9993.62,ASX,
11:42:17 AM,75.15,66,4959.9,ASX,
11:42:08 AM,75.16,706,53062.96,CXA,
11:42:04 AM,75.15,75,5636.25,ASX,
11:42:04 AM,75.15,599,45014.85,ASX,
11:42:01 AM,75.15,66,4959.9,ASX,
11:42:01 AM,75.15,106,7965.9,ASX,
11:42:01 AM,75.16,106,7966.96,ASX,
11:42:01 AM,75.17,66,4961.22,ASX,XT
11:41:58 AM,75.19,300,22557,ASX,
11:41:29 AM,75.18,13,977.34,ASX,
11:40:59 AM,75.17,26,1954.42,ASX,
11:40:50 AM,75.16,100,7516,CXA,
11:40:42 AM,75.16,66,4960.56,ASX,
11:40:42 AM,75.16,41,3081.56,ASX,
11:40:40 AM,75.18,25,1879.5,ASX,
11:40:37 AM,75.17,15,1127.55,ASX,
11:40:36 AM,75.19,1328,99852.32,CXA,
11:40:31 AM,75.17,50,3758.5,ASX,
11:40:27 AM,75.2,13,977.6,CXA,
11:40:20 AM,75.17,100,7517,ASX,
11:40:07 AM,75.2,50,3760,ASX,
11:40:00 AM,75.19,332,24963.08,ASX,
11:39:41 AM,75.16,169,12702.04,ASX,
11:39:41 AM,75.16,180,13528.8,ASX,
11:39:38 AM,75.17,60,4510.2,ASX,
11:39:33 AM,75.17,46,3457.82,ASX,
11:39:30 AM,75.16,150,11274,ASX,
11:39:28 AM,75.18,150,11277,ASX,
11:39:28 AM,75.18,150,11277,ASX,
11:39:08 AM,75.16,1195,89816.2,CXA,
11:39:01 AM,75.16,265,19917.4,ASX,
11:38:45 AM,75.14,133,9993.62,ASX,
11:38:45 AM,75.14,133,9993.62,ASX,
11:38:43 AM,75.15,133,9994.95,ASX,
11:38:43 AM,75.15,66,4959.9,ASX,
11:38:43 AM,75.15,132,9919.8,ASX,
11:38:43 AM,75.15,13,976.95,ASX,
11:38:40 AM,75.16,100,7516,ASX,
11:38:35 AM,75.17,60,4510.2,CXA,
11:38:33 AM,75.19,335,25188.65,ASX,
11:38:32 AM,75.2,25,1880,ASX,
11:38:32 AM,75.2,150,11280,ASX,
11:38:28 AM,75.18,111,8344.98,CXA,
11:38:24 AM,75.17,33,2480.61,ASX,
11:38:13 AM,75.19,135,10150.65,CXA,
11:38:07 AM,75.21,66,4963.86,CXA,
11:37:58 AM,75.2,13,977.6,CXA,
11:37:57 AM,75.2,6,451.2,CXA,
11:37:54 AM,75.19,13,977.47,ASX,
11:37:50 AM,75.18,30,2255.4,CXA,
11:37:44 AM,75.18,133,9998.94,CXA,
11:37:40 AM,75.19,20,1503.8,ASX,
11:37:37 AM,75.2,13,977.6,ASX,
11:37:37 AM,75.2,30,2256,ASX,
11:37:37 AM,75.2,500,37600,ASX,
