Time,Price $,Volume,Value $,Market,Condition
4:10:40 PM,75.9,319,24212.1,ASX,
4:10:40 PM,75.9,809,61403.1,ASX,
4:10:40 PM,75.9,200,15180,ASX,
4:10:40 PM,75.9,1813,137606.7,ASX,
4:10:40 PM,75.9,497,37722.3,ASX,
4:10:40 PM,75.9,190,14421,ASX,
4:10:40 PM,75.9,26,1973.4,ASX,
4:10:40 PM,75.9,250,18975,ASX,
4:10:40 PM,75.9,31,2352.9,ASX,
3:59:56 PM,75.4,391,29481.4,ASX,
3:59:55 PM,75.4,59,4448.6,ASX,
3:59:55 PM,75.4,206,15532.4,ASX,
3:59:52 PM,75.4,274,20659.6,ASX,
3:59:49 PM,75.44,500,37720,ASX,
3:59:46 PM,75.5,15,1132.5,CXA,
3:59:42 PM,75.52,196,14801.92,ASX,
3:59:42 PM,75.52,56,4229.12,ASX,
3:59:38 PM,75.5,147,11098.5,ASX,
3:59:36 PM,75.5,3,226.5,ASX,
3:59:31 PM,75.49,1,75.49,ASX,
3:59:29 PM,75.52,132,9968.64,CXA,
3:59:29 PM,75.52,2,151.04,ASX,
3:59:28 PM,75.52,92,6947.84,ASX,
3:59:28 PM,75.52,264,19937.28,CXA,
3:59:22 PM,75.49,391,29516.59,ASX,
3:59:18 PM,75.45,2227,168027.15,ASX,
3:59:13 PM,75.45,60,4527,ASX,
3:59:11 PM,75.45,739,55757.55,ASX,
3:59:11 PM,75.45,166,12524.7,ASX,
3:59:11 PM,75.45,150,11317.5,ASX,
3:59:11 PM,75.45,1012,76355.4,ASX,
3:59:11 PM,75.45,66,4979.7,ASX,
3:59:09 PM,75.45,80,6036,ASX,
3:59:09 PM,75.46,70,5282.2,ASX,
3:59:09 PM,75.49,25,1887.25,ASX,
3:59:09 PM,75.46,80,6036.8,ASX,
3:59:09 PM,75.46,150,11319,ASX,
3:59:09 PM,75.46,150,11319,ASX,
3:59:09 PM,75.46,80,6036.8,ASX,
3:59:09 PM,75.46,150,11319,ASX,
3:59:04 PM,75.49,66,4982.34,CXA,
3:59:02 PM,75.47,80,6037.6,ASX,
3:58:50 PM,75.46,252,19015.92,ASX,
3:58:49 PM,75.45,150,11317.5,ASX,
3:58:49 PM,75.45,150,11317.5,ASX,
3:58:44 PM,75.44,298,22481.12,ASX,
3:58:17 PM,75.44,132,9958.08,CXA,
3:58:16 PM,75.43,66,4978.38,ASX,
3:58:16 PM,75.43,100,7543,ASX,
3:58:10 PM,75.44,107,8072.08,ASX,
3:57:50 PM,75.4,140,10556,ASX,
3:57:50 PM,75.4,210,15834,ASX,
3:57:50 PM,75.41,6,452.46,ASX,
3:57:49 PM,75.42,100,7542,ASX,
3:57:37 PM,75.45,265,19994.25,ASX,
3:57:30 PM,75.47,65,4905.55,CXA,
3:57:10 PM,75.42,100,7542,ASX,
3:56:58 PM,75.45,530,39988.5,ASX,
3:56:58 PM,75.46,100,7546,ASX,
3:56:47 PM,75.49,39,2944.11,ASX,
3:56:25 PM,75.42,100,7542,ASX,
3:56:23 PM,75.44,20,1508.8,CXA,
3:56:10 PM,75.44,130,9807.2,CXA,
3:55:48 PM,75.43,5,377.15,ASX,
3:55:39 PM,75.44,566,42699.04,ASX,
3:55:39 PM,75.44,850,64124,ASX,
3:55:39 PM,75.44,150,11316,ASX,
3:55:35 PM,75.44,53,3998.32,ASX,
3:55:35 PM,75.44,80,6035.2,ASX,
3:55:31 PM,75.45,39,2942.55,ASX,
3:55:22 PM,75.44,270,20368.8,ASX,
3:55:22 PM,75.44,150,11316,ASX,
3:55:09 PM,75.45,270,20371.5,ASX,
3:55:05 PM,75.42,709,53472.78,ASX,
3:55:05 PM,75.42,150,11313,ASX,
3:54:32 PM,75.42,514,38765.88,ASX,
3:54:32 PM,75.41,150,11311.5,ASX,
3:54:24 PM,75.34,17,1280.78,ASX,
3:54:24 PM,75.34,100,7534,ASX,
3:54:24 PM,75.34,150,11301,ASX,
3:54:22 PM,75.42,20,1508.4,CXA,
3:54:15 PM,75.4,258,19453.2,ASX,
3:54:15 PM,75.4,3450,260130,ASX,
3:54:08 PM,75.4,70,5278,CXA,
3:53:06 PM,75.31,360,27111.6,ASX,
3:53:06 PM,75.31,670,50457.7,ASX,
3:52:52 PM,75.31,33,2485.23,ASX,
3:52:49 PM,75.3,80,6024,ASX,
3:52:33 PM,75.35,181,13638.35,ASX,
3:52:33 PM,75.35,150,11302.5,ASX,
3:52:18 PM,75.35,332,25016.2,CXA,
3:52:03 PM,75.36,134,10098.24,CXA,
3:51:52 PM,75.36,66,4973.76,ASX,
3:51:43 PM,75.33,19,1431.27,ASX,
3:51:39 PM,75.34,685,51607.9,ASX,
3:51:39 PM,75.34,150,11301,ASX,
3:51:28 PM,75.34,12,904.08,CXA,
3:51:06 PM,75.3,14,1054.2,CXA,
3:50:24 PM,75.25,9,677.25,ASX,
3:50:24 PM,75.25,17,1279.25,ASX,
3:50:15 PM,75.25,115,8653.75,ASX,
3:50:01 PM,75.19,66,4962.54,ASX,
3:48:59 PM,75.13,66,4958.58,ASX,
3:48:57 PM,75.14,1,75.14,ASX,
3:48:46 PM,75.14,322,24195.08,ASX,
3:48:39 PM,75.17,1487,111777.79,CXA,
3:48:39 PM,75.18,1413,106229.34,CXA,
3:48:39 PM,75.18,717,53904.06,ASX,
3:48:39 PM,75.18,3386,254559.48,ASX,
3:48:38 PM,75.18,60,4510.8,ASX,
3:48:28 PM,75.2,13,977.6,CXA,
3:47:51 PM,75.14,13,976.82,CXA,CX
3:47:36 PM,75.1,32,2403.2,ASX,XT
3:47:36 PM,75.12,24,1802.88,CXA,
3:47:26 PM,75.1,66,4956.6,ASX,XT
3:47:09 PM,75.09,66,4955.94,ASX,
3:46:49 PM,75.01,11,825.11,ASX,
3:46:18 PM,74.99,71,5324.29,ASX,
3:46:18 PM,75,65,4875,ASX,
3:46:18 PM,75,14,1050,ASX,
3:46:18 PM,75.01,150,11251.5,ASX,
3:46:10 PM,75.01,220,16502.2,ASX,
3:45:58 PM,75.02,80,6001.6,ASX,
3:45:39 PM,75.06,15,1125.9,CXA,
3:45:17 PM,75.03,1508,113145.24,CXA,
3:45:17 PM,75.03,20,1500.6,ASX,
3:45:17 PM,75.03,441,33088.23,CXA,
3:45:17 PM,75.03,171,12830.13,CXA,
3:45:17 PM,75.03,1515,113670.45,CXA,
3:45:17 PM,75.03,193,14480.79,CXA,
3:45:03 PM,75.03,30,2250.9,ASX,
3:44:50 PM,75.05,215,16135.75,CXA,
3:44:46 PM,75.03,244,18307.32,ASX,
3:44:45 PM,75.03,234,17557.02,ASX,
3:44:22 PM,75.07,20,1501.4,ASX,
3:43:44 PM,74.92,150,11238,ASX,
3:43:43 PM,74.92,28,2097.76,ASX,
3:43:43 PM,74.92,189,14159.88,ASX,
3:43:36 PM,74.95,217,16264.15,ASX,
3:43:35 PM,74.98,260,19494.8,CXA,
3:43:35 PM,74.98,13,974.74,CXA,
3:43:25 PM,74.92,7,524.44,ASX,
3:43:17 PM,74.97,451,33811.47,ASX,
3:43:16 PM,74.96,56,4197.76,ASX,
3:43:06 PM,74.89,47,3519.83,ASX,
3:42:51 PM,74.88,200,14976,ASX,
3:42:43 PM,74.85,103,7709.55,ASX,
3:42:22 PM,74.88,486,36391.68,ASX,
3:42:21 PM,74.91,10,749.1,CXA,
3:42:18 PM,74.91,400,29964,ASX,
3:42:13 PM,74.92,55,4120.6,ASX,
3:42:10 PM,74.93,125,9366.25,ASX,
3:42:10 PM,74.93,150,11239.5,ASX,
3:42:05 PM,74.98,313,23468.74,ASX,
3:42:05 PM,74.98,13,974.74,ASX,
3:42:02 PM,74.99,150,11248.5,ASX,
3:42:01 PM,74.99,147,11023.53,ASX,
3:42:01 PM,74.99,245,18372.55,ASX,
3:42:01 PM,74.99,147,11023.53,ASX,
3:42:01 PM,75,363,27225,ASX,
3:42:01 PM,75,106,7950,ASX,
3:42:01 PM,75,392,29400,ASX,
3:42:01 PM,75,27,2025,ASX,
3:41:57 PM,75,79,5925,ASX,
3:41:56 PM,74.96,392,29384.32,ASX,
3:41:54 PM,74.95,26,1948.7,ASX,
3:41:28 PM,74.85,67,5014.95,ASX,
3:41:24 PM,74.85,190,14221.5,ASX,
3:41:03 PM,74.87,133,9957.71,CXA,
3:40:57 PM,74.84,13,972.92,CXA,
3:40:51 PM,74.83,80,5986.4,ASX,
3:40:51 PM,74.84,33,2469.72,ASX,
3:40:51 PM,74.84,204,15267.36,ASX,
3:40:44 PM,74.85,284,21257.4,ASX,
3:40:31 PM,74.88,235,17596.8,ASX,
3:39:13 PM,74.8,603,45104.4,ASX,
3:39:13 PM,74.8,150,11220,ASX,
3:39:13 PM,74.8,450,33660,ASX,
3:39:13 PM,74.8,52,3889.6,ASX,
3:39:13 PM,74.8,245,18326,ASX,
3:39:12 PM,74.78,296,22134.88,ASX,
3:39:12 PM,74.77,309,23103.93,ASX,
3:39:12 PM,74.76,308,23026.08,ASX,
3:39:11 PM,74.75,59,4410.25,ASX,
3:39:11 PM,74.75,230,17192.5,ASX,
3:38:53 PM,74.73,600,44838,CXA,
3:38:51 PM,74.72,55,4109.6,ASX,
3:38:48 PM,74.77,40,2990.8,CXA,
3:38:40 PM,74.77,66,4934.82,CXA,
3:38:34 PM,74.73,295,22045.35,ASX,
3:38:34 PM,74.73,1155,86313.15,CXA,
3:38:34 PM,74.77,533,39852.41,CXA,
3:38:34 PM,74.76,144,10765.44,ASX,
3:38:33 PM,74.76,383,28633.08,ASX,
3:38:14 PM,74.8,150,11220,ASX,
3:37:55 PM,74.77,68,5084.36,ASX,
3:37:41 PM,74.77,927,69311.79,ASX,
3:37:41 PM,74.77,155,11589.35,ASX,
3:37:41 PM,74.77,103,7701.31,ASX,
3:37:41 PM,74.77,150,11215.5,ASX,
3:37:39 PM,74.77,62,4635.74,CXA,
3:37:22 PM,74.74,10,747.4,ASX,
3:37:22 PM,74.76,159,11886.84,ASX,
3:37:22 PM,74.76,216,16148.16,ASX,
3:37:14 PM,74.76,428,31997.28,ASX,
3:37:14 PM,74.76,282,21082.32,ASX,
3:37:14 PM,74.76,150,11214,ASX,
3:37:02 PM,74.72,150,11208,ASX,
3:37:01 PM,74.74,33,2466.42,ASX,
3:36:52 PM,74.73,33,2466.09,ASX,
3:36:49 PM,74.71,70,5229.7,ASX,
3:36:49 PM,74.71,274,20470.54,ASX,
3:36:49 PM,74.72,150,11208,ASX,
3:36:40 PM,74.72,600,44832,ASX,
3:36:40 PM,74.72,150,11208,ASX,
3:36:40 PM,74.72,2120,158406.4,CXA,
3:36:40 PM,74.72,204,15242.88,CXA,
3:36:40 PM,74.72,399,29813.28,CXA,
3:36:40 PM,74.72,483,36089.76,CXA,
3:36:40 PM,74.72,178,13300.16,CXA,
3:36:40 PM,74.72,445,33250.4,CXA,
3:36:40 PM,74.72,661,49389.92,CXA,
3:36:40 PM,74.72,871,65081.12,CXA,
3:36:40 PM,74.72,214,15990.08,CXA,
3:36:40 PM,74.72,1327,99153.44,CXA,
3:36:34 PM,74.72,26,1942.72,ASX,
3:36:31 PM,74.73,40,2989.2,CXA,
3:36:30 PM,74.75,10,747.5,ASX,
3:36:30 PM,74.75,20,1495,ASX,
3:36:21 PM,74.76,80,5980.8,ASX,
3:36:20 PM,74.77,292,21832.84,ASX,
3:36:16 PM,74.8,100,7480,CXA,
3:36:10 PM,74.8,133,9948.4,CXA,
3:36:09 PM,74.79,80,5983.2,ASX,
3:35:57 PM,74.84,280,20955.2,ASX,
3:35:57 PM,74.84,395,29561.8,ASX,
3:35:57 PM,74.84,62,4640.08,ASX,
3:35:31 PM,74.83,39,2918.37,ASX,
3:35:26 PM,74.84,334,24996.56,ASX,
3:34:57 PM,74.77,134,10019.18,ASX,
3:34:46 PM,74.71,5,373.55,ASX,
3:34:45 PM,74.72,260,19427.2,ASX,
3:34:35 PM,74.73,79,5903.67,ASX,
3:34:32 PM,74.75,16,1196,CXA,
3:34:32 PM,74.73,179,13376.67,ASX,
3:34:27 PM,74.79,300,22437,ASX,
3:34:25 PM,74.79,15,1121.85,CXA,
3:34:13 PM,74.79,150,11218.5,CXA,
3:34:08 PM,74.75,38,2840.5,ASX,
3:34:08 PM,74.75,54,4036.5,CXA,
3:34:08 PM,74.75,200,14950,ASX,
3:33:49 PM,74.77,43,3215.11,ASX,
3:33:17 PM,74.82,200,14964,ASX,
3:33:16 PM,74.81,393,29400.33,ASX,
3:33:07 PM,74.82,3500,261870,ASX,
3:33:05 PM,74.81,502,37554.62,ASX,
3:33:05 PM,74.82,511,38233.02,ASX,
3:33:05 PM,74.84,283,21179.72,ASX,
3:33:00 PM,74.88,56,4193.28,ASX,
3:32:59 PM,74.88,271,20292.48,ASX,
3:32:59 PM,74.88,34,2545.92,ASX,
3:32:59 PM,74.88,321,24036.48,ASX,
3:32:59 PM,74.88,150,11232,ASX,
3:32:42 PM,74.79,184,13761.36,CXA,
3:32:41 PM,74.79,1664,124450.56,ASX,
3:32:40 PM,74.79,192,14359.68,ASX,
3:32:40 PM,74.79,600,44874,ASX,
3:32:40 PM,74.79,1347,100742.13,ASX,
3:32:40 PM,74.79,953,71274.87,ASX,
3:32:40 PM,74.79,584,43677.36,ASX,
3:32:39 PM,74.79,473,35375.67,ASX,
3:32:39 PM,74.79,258,19295.82,ASX,
3:32:39 PM,74.79,84,6282.36,ASX,
3:32:39 PM,74.79,845,63197.55,ASX,
3:32:25 PM,74.74,150,11211,ASX,
3:32:22 PM,74.73,600,44838,ASX,
3:32:22 PM,74.73,2575,192429.75,CXA,
3:32:21 PM,74.71,2662,198878.02,CXA,
3:32:21 PM,74.71,67,5005.57,CXA,
3:32:04 PM,74.69,200,14938,ASX,
3:31:56 PM,74.67,150,11200.5,ASX,
3:31:49 PM,74.69,133,9933.77,CXA,
3:31:46 PM,74.69,108,8066.52,CXA,
3:31:40 PM,74.65,10,746.5,CXA,
3:31:11 PM,74.66,75,5599.5,CXA,
3:30:45 PM,74.62,45,3357.9,CXA,
3:30:42 PM,74.59,234,17454.06,ASX,
3:30:27 PM,74.53,150,11179.5,ASX,
3:30:21 PM,74.55,124,9244.2,ASX,
3:29:58 PM,74.57,68,5070.76,ASX,
3:29:38 PM,74.61,150,11191.5,ASX,
3:29:37 PM,74.62,72,5372.64,ASX,
3:29:37 PM,74.64,117,8732.88,ASX,
3:29:37 PM,74.64,3000,223920,ASX,
3:29:31 PM,74.65,214,15975.1,ASX,
3:28:57 PM,74.61,200,14922,CXA,
3:28:47 PM,74.59,383,28567.97,CXA,
3:28:42 PM,74.61,700,52227,CXA,
3:28:39 PM,74.62,125,9327.5,ASX,
3:28:39 PM,74.62,123,9178.26,ASX,
3:28:39 PM,74.6,310,23126,ASX,
3:28:39 PM,74.61,193,14399.73,ASX,
3:28:39 PM,74.62,80,5969.6,ASX,
3:28:39 PM,74.62,150,11193,ASX,
3:28:33 PM,74.62,128,9551.36,CXA,
3:28:33 PM,74.62,133,9924.46,CXA,
3:28:31 PM,74.62,80,5969.6,ASX,
3:28:31 PM,74.64,33,2463.12,ASX,
3:28:30 PM,74.63,5000,373150,ASX,
3:28:30 PM,74.63,49,3656.87,ASX,
3:28:29 PM,74.63,150,11194.5,ASX,
3:27:57 PM,74.63,129,9627.27,ASX,
3:27:54 PM,74.67,20,1493.4,ASX,
3:27:40 PM,74.65,66,4926.9,CXA,
3:27:37 PM,74.65,535,39937.75,ASX,
3:27:33 PM,74.65,55,4105.75,ASX,
3:27:26 PM,74.64,18,1343.52,ASX,
3:27:18 PM,74.69,18,1344.42,ASX,
3:27:11 PM,74.65,250,18662.5,ASX,
3:27:08 PM,74.63,250,18657.5,ASX,
3:27:05 PM,74.65,111,8286.15,ASX,
3:27:04 PM,74.67,490,36588.3,ASX,
3:27:03 PM,74.67,108,8064.36,ASX,
3:27:03 PM,74.67,191,14261.97,ASX,
3:26:46 PM,74.67,13,970.71,CXA,
3:25:28 PM,74.58,196,14617.68,ASX,
3:25:27 PM,74.59,115,8577.85,ASX,
3:25:27 PM,74.59,105,7831.95,ASX,
3:25:27 PM,74.61,11,820.71,ASX,
3:25:10 PM,74.56,6434,479719.04,ASX,
3:25:10 PM,74.56,266,19832.96,ASX,
3:24:49 PM,74.45,92,6849.4,CXA,
3:24:35 PM,74.44,330,24565.2,ASX,
3:24:27 PM,74.42,225,16744.5,ASX,
3:23:54 PM,74.45,72,5360.4,ASX,
3:23:54 PM,74.45,134,9976.3,ASX,
3:23:54 PM,74.46,14,1042.44,ASX,
3:23:43 PM,74.46,86,6403.56,ASX,
3:23:41 PM,74.46,40,2978.4,ASX,
3:23:40 PM,74.47,25,1861.75,ASX,
3:23:40 PM,74.47,178,13255.66,ASX,
3:23:39 PM,74.5,242,18029,ASX,
3:23:39 PM,74.5,150,11175,ASX,
3:23:24 PM,74.51,134,9984.34,CXA,
3:23:13 PM,74.52,10,745.2,CXA,
3:22:47 PM,74.51,2000,149020,CXA,
3:22:36 PM,74.45,2,148.9,ASX,
3:22:36 PM,74.45,7,521.15,ASX,
3:22:33 PM,74.45,24,1786.8,ASX,
3:22:12 PM,74.43,122,9080.46,ASX,
3:22:12 PM,74.43,104,7740.72,ASX,
3:22:09 PM,74.47,140,10425.8,ASX,
3:22:08 PM,74.49,79,5884.71,ASX,
3:22:08 PM,74.48,80,5958.4,ASX,
3:22:08 PM,74.49,67,4990.83,ASX,
3:22:08 PM,74.49,80,5959.2,ASX,
3:21:56 PM,74.51,27,2011.77,ASX,
3:21:48 PM,74.51,70,5215.7,CXA,
3:21:41 PM,74.5,13,968.5,CXA,
3:21:39 PM,74.5,505,37622.5,ASX,
3:21:39 PM,74.5,147,10951.5,ASX,
3:21:32 PM,74.49,134,9981.66,ASX,
3:21:32 PM,74.49,80,5959.2,ASX,
3:21:31 PM,74.49,80,5959.2,ASX,
3:21:12 PM,74.49,80,5959.2,ASX,
3:21:08 PM,74.48,143,10650.64,ASX,
3:20:58 PM,74.48,80,5958.4,ASX,
3:20:52 PM,74.48,80,5958.4,ASX,
3:20:49 PM,74.5,146,10877,ASX,
3:20:48 PM,74.5,190,14155,ASX,
3:20:47 PM,74.48,1267,94366.16,CXA,
3:20:47 PM,74.48,1109,82598.32,CXA,
3:20:39 PM,74.47,110,8191.7,CXA,
3:20:37 PM,74.47,80,5957.6,ASX,
3:20:28 PM,74.47,6461,481150.67,ASX,
3:20:28 PM,74.47,239,17798.33,ASX,
3:19:58 PM,74.45,43,3201.35,ASX,
3:19:57 PM,74.45,11,818.95,ASX,
3:19:57 PM,74.46,80,5956.8,ASX,
3:19:57 PM,74.47,17,1265.99,ASX,
3:19:56 PM,74.48,143,10650.64,ASX,
3:19:56 PM,74.49,33,2458.17,ASX,
3:19:52 PM,74.5,20,1490,CXA,
3:19:43 PM,74.53,50,3726.5,CXA,
3:19:32 PM,74.49,155,11545.95,ASX,
3:19:32 PM,74.48,248,18471.04,ASX,
3:19:29 PM,74.47,223,16606.81,ASX,
3:19:21 PM,74.5,70,5215,ASX,
3:19:21 PM,74.49,221,16462.29,ASX,
3:19:21 PM,74.5,40,2980,CXA,
3:19:21 PM,74.49,70,5214.3,ASX,
3:19:19 PM,74.49,13,968.37,ASX,
3:18:42 PM,74.32,290,21552.8,CXA,
3:18:42 PM,74.31,103,7653.93,ASX,
3:18:41 PM,74.3,322,23924.6,CXA,
3:18:40 PM,74.3,430,31949,CXA,
3:18:39 PM,74.3,156,11590.8,CXA,
3:18:39 PM,74.3,117,8693.1,CXA,
3:18:39 PM,74.3,1147,85222.1,CXA,
3:18:38 PM,74.29,150,11143.5,ASX,
3:18:37 PM,74.29,150,11143.5,ASX,
3:18:37 PM,74.3,21,1560.3,ASX,
3:18:37 PM,74.3,40,2972,ASX,
3:18:36 PM,74.32,158,11742.56,ASX,
3:18:28 PM,74.34,134,9961.56,ASX,
3:18:09 PM,74.32,78,5796.96,ASX,
3:18:09 PM,74.32,973,72313.36,ASX,
3:18:09 PM,74.32,150,11148,ASX,
3:18:09 PM,74.32,134,9958.88,ASX,
3:18:09 PM,74.32,129,9587.28,ASX,
3:18:09 PM,74.32,243,18059.76,ASX,
3:18:09 PM,74.32,157,11668.24,ASX,
3:18:09 PM,74.32,150,11148,ASX,
3:18:06 PM,74.29,21,1560.09,ASX,
3:18:06 PM,74.29,7,520.03,CXA,
3:17:46 PM,74.26,25,1856.5,ASX,
3:17:46 PM,74.26,40,2970.4,ASX,
3:17:46 PM,74.26,7,519.82,ASX,
3:17:44 PM,74.27,16,1188.32,ASX,
3:17:44 PM,74.27,30,2228.1,ASX,
3:17:44 PM,74.28,78,5793.84,ASX,
3:17:44 PM,74.28,150,11142,ASX,
3:17:39 PM,74.3,140,10402,ASX,
3:17:39 PM,74.28,94,6982.32,ASX,
3:17:37 PM,74.32,48,3567.36,CXA,
3:17:29 PM,74.29,94,6983.26,ASX,
3:17:20 PM,74.32,59,4384.88,ASX,
3:17:20 PM,74.32,69,5128.08,ASX,
3:17:15 PM,74.33,128,9514.24,ASX,
3:17:06 PM,74.37,265,19708.05,CXA,
3:17:01 PM,74.38,33,2454.54,ASX,
3:16:54 PM,74.36,1644,122247.84,CXA,
3:16:51 PM,74.36,60,4461.6,ASX,
3:16:27 PM,74.36,12,892.32,CXA,
3:16:16 PM,74.35,48,3568.8,ASX,
3:16:12 PM,74.37,130,9668.1,ASX,
3:16:09 PM,74.41,192,14286.72,ASX,
3:16:08 PM,74.42,178,13246.76,ASX,
3:16:06 PM,74.45,178,13252.1,ASX,
3:15:55 PM,74.49,904,67338.96,ASX,
3:15:55 PM,74.5,126,9387,ASX,
3:15:55 PM,74.5,231,17209.5,ASX,
3:15:55 PM,74.5,243,18103.5,ASX,
3:15:55 PM,74.5,1409,104970.5,ASX,
3:15:55 PM,74.52,50,3726,ASX,
3:15:37 PM,74.53,40,2981.2,CXA,
3:15:34 PM,74.53,68,5068.04,ASX,
3:15:31 PM,74.47,123,9159.81,ASX,
3:15:30 PM,74.49,80,5959.2,ASX,
3:15:02 PM,74.51,78,5811.78,ASX,
3:15:02 PM,74.51,346,25780.46,ASX,
3:15:02 PM,74.48,91,6777.68,ASX,
3:15:00 PM,74.48,42,3128.16,ASX,
3:15:00 PM,74.48,92,6852.16,CXA,
3:14:49 PM,74.43,31,2307.33,ASX,
3:14:46 PM,74.47,150,11170.5,ASX,
3:14:37 PM,74.48,67,4990.16,ASX,
3:14:24 PM,74.43,29,2158.47,ASX,
3:14:21 PM,74.44,150,11166,ASX,
3:14:16 PM,74.47,17,1265.99,ASX,
3:14:13 PM,74.5,500,37250,CXA,
3:14:09 PM,74.5,80,5960,ASX,
3:14:08 PM,74.52,132,9836.64,ASX,
3:14:03 PM,74.57,41,3057.37,CXA,
3:14:00 PM,74.53,127,9465.31,ASX,
3:13:50 PM,74.54,287,21392.98,CXA,
3:13:50 PM,74.54,297,22138.38,CXA,
3:13:50 PM,74.54,1073,79981.42,CXA,
3:13:49 PM,74.53,40,2981.2,CXA,
3:13:45 PM,74.52,26,1937.52,ASX,
3:13:30 PM,74.45,134,9976.3,CXA,
3:13:11 PM,74.35,147,10929.45,CXA,
3:12:44 PM,74.32,100,7432,ASX,
3:12:24 PM,74.28,72,5348.16,ASX,
3:12:23 PM,74.3,8,594.4,CXA,
3:12:22 PM,74.29,127,9434.83,ASX,
3:12:21 PM,74.31,141,10477.71,ASX,
3:11:59 PM,74.34,156,11597.04,ASX,
3:11:59 PM,74.33,515,38279.95,ASX,
3:11:58 PM,74.31,1000,74310,ASX,
3:11:58 PM,74.31,1000,74310,ASX,
3:11:58 PM,74.31,600,44586,ASX,
3:11:58 PM,74.31,227,16868.37,CXA,
3:11:58 PM,74.31,411,30541.41,CXA,
3:11:58 PM,74.31,131,9734.61,CXA,
3:11:58 PM,74.31,113,8397.03,CXA,
3:11:58 PM,74.31,139,10329.09,CXA,
3:11:58 PM,74.31,517,38418.27,CXA,
3:11:45 PM,74.25,23,1707.75,ASX,
3:11:44 PM,74.25,177,13142.25,CXA,
3:11:44 PM,74.25,162,12028.5,CXA,
3:11:44 PM,74.25,8,594,CXA,
3:11:37 PM,74.23,62,4602.26,ASX,
3:11:37 PM,74.23,130,9649.9,ASX,
3:11:36 PM,74.24,239,17743.36,CXA,
3:11:36 PM,74.24,600,44544,CXA,
3:11:28 PM,74.25,120,8910,CXA,
3:11:28 PM,74.25,682,50638.5,CXA,
3:11:19 PM,74.26,60,4455.6,CXA,
3:11:16 PM,74.25,227,16854.75,CXA,
3:11:16 PM,74.25,187,13884.75,CXA,
3:11:12 PM,74.25,53,3935.25,CXA,
3:11:03 PM,74.24,23,1707.52,ASX,
3:11:03 PM,74.24,33,2449.92,ASX,
3:11:02 PM,74.26,529,39283.54,ASX,
3:11:02 PM,74.26,331,24580.06,ASX,
3:11:02 PM,74.26,150,11139,ASX,
3:10:58 PM,74.26,8,594.08,ASX,
3:10:57 PM,74.27,80,5941.6,ASX,
3:10:44 PM,74.27,46,3416.42,ASX,
3:10:44 PM,74.27,34,2525.18,ASX,
3:10:29 PM,74.28,134,9953.52,CXA,
3:10:25 PM,74.28,80,5942.4,ASX,
3:10:13 PM,74.3,64,4755.2,ASX,
3:10:07 PM,74.31,140,10403.4,CXA,
3:10:01 PM,74.31,7,520.17,CXA,
3:10:00 PM,74.29,72,5348.88,ASX,
3:10:00 PM,74.29,135,10029.15,ASX,
3:09:55 PM,74.3,80,5944,ASX,
3:09:45 PM,74.31,1350,100318.5,CXA,
3:09:40 PM,74.29,30,2228.7,ASX,
3:09:40 PM,74.29,199,14783.71,ASX,
3:09:09 PM,74.29,28,2080.12,ASX,
3:09:07 PM,74.28,232,17232.96,ASX,
3:08:59 PM,74.29,100,7429,CXA,
3:08:54 PM,74.26,231,17154.06,ASX,
3:08:54 PM,74.26,240,17822.4,ASX,
3:08:52 PM,74.27,40,2970.8,CXA,
3:08:51 PM,74.26,18,1336.68,ASX,
3:08:48 PM,74.29,50,3714.5,ASX,
3:08:48 PM,74.29,11,817.19,CXA,
3:08:44 PM,74.27,269,19978.63,CXA,
3:08:38 PM,74.26,3000,222780,ASX,
3:08:33 PM,74.27,9,668.43,CXA,
3:08:16 PM,74.28,120,8913.6,ASX,
3:08:16 PM,74.28,50,3714,ASX,
3:08:16 PM,74.28,336,24958.08,ASX,
3:08:12 PM,74.32,13,966.16,ASX,
3:07:59 PM,74.35,7,520.45,CXA,
3:07:24 PM,74.34,985,73224.9,CXA,
3:07:20 PM,74.33,214,15906.62,ASX,
3:07:20 PM,74.31,814,60488.34,ASX,
3:07:20 PM,74.31,222,16496.82,CXA,
3:07:02 PM,74.34,40,2973.6,CXA,
3:06:46 PM,74.3,6,445.8,ASX,
3:06:42 PM,74.31,3,222.93,ASX,
3:06:42 PM,74.31,217,16125.27,ASX,
3:06:29 PM,74.35,135,10037.25,CXA,
3:06:22 PM,74.34,1371,101920.14,ASX,
3:06:22 PM,74.34,1529,113665.86,ASX,
3:06:22 PM,74.34,600,44604,ASX,
3:05:57 PM,74.38,4,297.52,CXA,
3:05:49 PM,74.34,13,966.42,CXA,
3:05:27 PM,74.34,252,18733.68,ASX,
3:05:27 PM,74.34,150,11151,ASX,
3:05:17 PM,74.35,100,7435,CXA,
3:05:10 PM,74.26,407,30223.82,ASX,
3:04:49 PM,74.24,30,2227.2,ASX,
3:04:36 PM,74.2,67,4971.4,ASX,
3:04:32 PM,74.19,4,296.76,ASX,
3:04:32 PM,74.19,18,1335.42,ASX,
3:04:32 PM,74.19,16,1187.04,ASX,
3:04:25 PM,74.18,424,31452.32,ASX,
3:04:25 PM,74.18,150,11127,ASX,
3:04:25 PM,74.19,3345,248165.55,CXA,
3:04:25 PM,74.19,74,5490.06,CXA,
3:04:25 PM,74.19,7,519.33,CXA,
3:04:18 PM,74.19,150,11128.5,ASX,
3:04:10 PM,74.22,30,2226.6,CXA,
3:04:07 PM,74.22,16,1187.52,ASX,
3:03:57 PM,74.28,67,4976.76,ASX,
3:03:55 PM,74.28,26,1931.28,ASX,
3:03:31 PM,74.34,134,9961.56,ASX,
3:03:30 PM,74.32,197,14641.04,ASX,
3:03:30 PM,74.32,328,24376.96,ASX,
3:03:29 PM,74.33,447,33225.51,ASX,
3:03:29 PM,74.32,447,33221.04,ASX,
3:03:29 PM,74.31,1836,136433.16,ASX,
3:03:29 PM,74.31,8000,594480,ASX,
3:03:29 PM,74.31,164,12186.84,ASX,
3:03:29 PM,74.31,436,32399.16,ASX,
3:02:58 PM,74.27,7,519.89,ASX,
3:02:57 PM,74.29,23,1708.67,ASX,
3:02:57 PM,74.29,7,520.03,CXA,
3:01:51 PM,74.19,6,445.14,ASX,
3:01:46 PM,74.17,150,11125.5,ASX,
3:01:25 PM,74.17,530,39310.1,ASX,
3:01:25 PM,74.17,186,13795.62,ASX,
3:01:25 PM,74.17,1478,109623.26,ASX,
3:01:25 PM,74.17,227,16836.59,ASX,
3:01:25 PM,74.17,600,44502,ASX,
3:01:21 PM,74.15,33,2446.95,ASX,
3:01:15 PM,74.2,35,2597,ASX,
3:01:15 PM,74.2,25,1855,ASX,
3:01:15 PM,74.2,67,4971.4,ASX,XT
3:01:15 PM,74.22,134,9945.48,CXA,
3:00:37 PM,74.28,250,18570,ASX,
3:00:37 PM,74.28,250,18570,ASX,
3:00:34 PM,74.3,21,1560.3,ASX,
3:00:34 PM,74.3,100,7430,ASX,
3:00:34 PM,74.3,42,3120.6,ASX,
3:00:25 PM,74.34,100,7434,CXA,
3:00:13 PM,74.37,40,2974.8,ASX,
3:00:12 PM,74.38,30,2231.4,ASX,
2:59:55 PM,74.4,19,1413.6,ASX,
2:59:29 PM,74.42,13,967.46,ASX,
2:58:29 PM,74.42,40,2976.8,ASX,
2:58:16 PM,74.44,1522,113297.68,ASX,
2:58:16 PM,74.44,338,25160.72,ASX,
2:58:16 PM,74.44,150,11166,ASX,
2:58:03 PM,74.45,500,37225,CXA,
2:58:02 PM,74.44,20,1488.8,ASX,
2:58:02 PM,74.44,7,521.08,CXA,
2:57:37 PM,74.42,92,6846.64,CXA,
2:57:04 PM,74.4,150,11160,ASX,
2:57:03 PM,74.38,406,30198.28,ASX,
2:55:40 PM,74.38,67,4983.46,ASX,
2:55:13 PM,74.36,114,8477.04,ASX,
2:55:13 PM,74.36,431,32049.16,ASX,
2:55:13 PM,74.36,123,9146.28,ASX,
2:55:13 PM,74.36,27,2007.72,ASX,
2:54:56 PM,74.4,33,2455.2,CXA,
2:54:50 PM,74.39,1074,79894.86,CXA,
2:54:44 PM,74.39,66,4909.74,ASX,
2:54:44 PM,74.39,70,5207.3,CXA,
2:54:38 PM,74.39,582,43294.98,CXA,
2:54:28 PM,74.38,268,19933.84,ASX,
2:54:28 PM,74.38,150,11157,ASX,
2:54:24 PM,74.4,338,25147.2,ASX,
2:54:24 PM,74.4,7,520.8,ASX,
2:54:18 PM,74.43,134,9973.62,ASX,
2:54:18 PM,74.43,679,50537.97,CXA,
2:54:11 PM,74.45,338,25164.1,ASX,
2:54:07 PM,74.44,562,41835.28,CXA,
2:53:58 PM,74.45,784,58368.8,ASX,
2:53:58 PM,74.45,315,23451.75,ASX,
2:53:58 PM,74.45,103,7668.35,ASX,
2:53:58 PM,74.45,861,64101.45,ASX,
2:53:58 PM,74.45,201,14964.45,ASX,
2:53:58 PM,74.45,542,40351.9,ASX,
2:53:58 PM,74.45,337,25089.65,ASX,
2:53:58 PM,74.45,240,17868,ASX,
2:53:58 PM,74.45,239,17793.55,ASX,
2:53:58 PM,74.45,138,10274.1,ASX,
2:53:58 PM,74.45,97,7221.65,ASX,
2:53:58 PM,74.45,148,11018.6,ASX,
2:53:57 PM,74.43,119,8857.17,ASX,
2:53:56 PM,74.44,328,24416.32,ASX,
2:53:56 PM,74.44,328,24416.32,CXA,
2:53:56 PM,74.45,110,8189.5,CXA,
2:53:56 PM,74.45,202,15038.9,CXA,
2:53:55 PM,74.45,55,4094.75,ASX,
2:53:37 PM,74.5,67,4991.5,ASX,
2:53:37 PM,74.5,150,11175,ASX,
2:53:37 PM,74.5,150,11175,ASX,
2:53:21 PM,74.51,7,521.57,ASX,
2:52:55 PM,74.51,70,5215.7,CXA,
2:52:43 PM,74.5,51,3799.5,ASX,
2:52:42 PM,74.5,83,6183.5,ASX,
2:52:42 PM,74.5,67,4991.5,ASX,
2:52:41 PM,74.52,1999,148965.48,CXA,
2:52:41 PM,74.52,1,74.52,CXA,
2:52:40 PM,74.52,45,3353.4,ASX,
2:52:40 PM,74.52,141,10507.32,ASX,
2:52:40 PM,74.52,10,745.2,ASX,
2:52:39 PM,74.52,9,670.68,ASX,
2:52:26 PM,74.51,451,33604.01,CXA,
2:52:21 PM,74.51,167,12443.17,CXA,
2:52:21 PM,74.51,360,26823.6,CXA,
2:52:21 PM,74.51,515,38372.65,CXA,
2:52:20 PM,74.51,34,2533.34,ASX,
2:52:11 PM,74.53,125,9316.25,CXA,
2:52:11 PM,74.53,209,15576.77,CXA,
2:52:04 PM,74.53,233,17365.49,CXA,
2:51:47 PM,74.53,303,22582.59,CXA,
2:51:41 PM,74.52,132,9836.64,ASX,
2:51:38 PM,74.53,402,29961.06,CXA,
2:51:38 PM,74.53,133,9912.49,CXA,
2:51:36 PM,74.53,2441,181927.73,ASX,
2:51:36 PM,74.53,287,21390.11,ASX,
2:51:36 PM,74.54,287,21392.98,ASX,
2:51:36 PM,74.54,350,26089,CXA,
2:51:36 PM,74.54,287,21392.98,ASX,
2:51:36 PM,74.54,183,13640.82,ASX,
2:51:36 PM,74.54,104,7752.16,ASX,
2:51:35 PM,74.54,2147,160037.38,ASX,
2:51:35 PM,74.54,186,13864.44,ASX,
2:51:35 PM,74.54,2067,154074.18,ASX,
2:51:35 PM,74.54,184,13715.36,ASX,
2:51:26 PM,74.55,161,12002.55,ASX,
2:51:26 PM,74.55,13,969.15,ASX,
2:51:26 PM,74.55,13,969.15,ASX,
2:51:26 PM,74.55,16,1192.8,ASX,
2:51:25 PM,74.55,70,5218.5,ASX,
2:51:25 PM,74.55,32,2385.6,ASX,
2:51:25 PM,74.55,66,4920.3,ASX,
2:51:25 PM,74.55,27,2012.85,ASX,
2:51:25 PM,74.55,184,13717.2,ASX,
2:51:25 PM,74.55,13,969.15,ASX,
2:51:25 PM,74.55,13,969.15,ASX,
2:51:24 PM,74.55,34,2534.7,ASX,
2:51:24 PM,74.55,12,894.6,ASX,
2:51:24 PM,74.55,10,745.5,ASX,
2:51:24 PM,74.55,26,1938.3,ASX,
2:51:24 PM,74.55,26,1938.3,ASX,
2:51:24 PM,74.55,27,2012.85,ASX,
2:51:23 PM,74.55,67,4994.85,ASX,
2:51:23 PM,74.55,67,4994.85,ASX,
2:51:23 PM,74.55,57,4249.35,ASX,
2:51:23 PM,74.55,40,2982,ASX,
2:51:23 PM,74.55,128,9542.4,ASX,
2:51:22 PM,74.55,122,9095.1,ASX,
2:51:22 PM,74.55,13,969.15,ASX,
2:51:22 PM,74.55,205,15282.75,ASX,
2:51:22 PM,74.55,13,969.15,ASX,
2:51:22 PM,74.55,14,1043.7,ASX,
2:51:22 PM,74.55,56,4174.8,ASX,
2:51:21 PM,74.55,15,1118.25,ASX,
2:51:21 PM,74.55,10,745.5,ASX,
2:51:21 PM,74.55,29,2161.95,ASX,
2:51:20 PM,74.55,13,969.15,ASX,
2:51:20 PM,74.55,13,969.15,ASX,
2:51:20 PM,74.55,22,1640.1,ASX,
2:51:20 PM,74.55,43,3205.65,ASX,
2:51:20 PM,74.55,15,1118.25,ASX,
2:51:20 PM,74.55,24,1789.2,ASX,
2:51:19 PM,74.55,12,894.6,ASX,
2:51:19 PM,74.55,136,10138.8,ASX,
2:51:19 PM,74.55,36,2683.8,ASX,
2:51:19 PM,74.55,81,6038.55,ASX,
2:51:18 PM,74.55,13,969.15,ASX,
2:51:18 PM,74.55,13,969.15,ASX,
2:51:18 PM,74.55,13,969.15,ASX,
2:51:18 PM,74.55,13,969.15,ASX,
2:51:17 PM,74.55,44,3280.2,ASX,
2:51:17 PM,74.55,13,969.15,ASX,
2:51:17 PM,74.55,16,1192.8,ASX,
2:51:17 PM,74.55,15,1118.25,ASX,
2:51:17 PM,74.55,13,969.15,ASX,
2:51:17 PM,74.55,20,1491,ASX,
2:51:16 PM,74.55,19,1416.45,ASX,
2:51:16 PM,74.55,13,969.15,ASX,
2:51:16 PM,74.55,27,2012.85,ASX,
2:51:16 PM,74.55,27,2012.85,ASX,
2:51:16 PM,74.55,27,2012.85,ASX,
2:51:16 PM,74.55,10,745.5,ASX,
2:51:15 PM,74.55,21,1565.55,ASX,
2:51:15 PM,74.55,15,1118.25,ASX,
2:51:15 PM,74.55,25,1863.75,ASX,
2:51:15 PM,74.55,10,745.5,ASX,
2:51:14 PM,74.55,197,14686.35,ASX,
2:51:14 PM,74.55,13,969.15,ASX,
2:51:14 PM,74.55,35,2609.25,ASX,
2:51:14 PM,74.55,12,894.6,ASX,
2:51:14 PM,74.55,10,745.5,ASX,
2:51:13 PM,74.55,41,3056.55,ASX,
2:51:13 PM,74.55,13,969.15,ASX,
2:51:13 PM,74.55,34,2534.7,ASX,
2:51:13 PM,74.55,15,1118.25,ASX,
2:51:13 PM,74.55,18,1341.9,ASX,
2:51:12 PM,74.57,45,3355.65,ASX,
2:51:12 PM,74.57,68,5070.76,ASX,
2:51:12 PM,74.57,27,2013.39,ASX,
2:51:11 PM,74.57,32,2386.24,ASX,
2:51:11 PM,74.57,16,1193.12,ASX,
2:51:11 PM,74.57,13,969.41,ASX,
2:51:11 PM,74.57,16,1193.12,ASX,
2:51:11 PM,74.57,13,969.41,ASX,
2:51:11 PM,74.57,14,1043.98,ASX,
2:51:10 PM,74.57,38,2833.66,ASX,
2:51:10 PM,74.57,95,7084.15,ASX,
2:51:10 PM,74.57,13,969.41,ASX,
2:51:10 PM,74.57,14,1043.98,ASX,
2:51:10 PM,74.57,13,969.41,ASX,
2:51:10 PM,74.57,28,2087.96,ASX,
2:51:09 PM,74.57,15,1118.55,ASX,
2:51:09 PM,74.57,27,2013.39,ASX,
2:51:09 PM,74.57,34,2535.38,ASX,
2:51:09 PM,74.57,51,3803.07,ASX,
2:51:09 PM,74.57,67,4996.19,ASX,
2:51:08 PM,74.57,28,2087.96,ASX,
2:51:08 PM,74.57,38,2833.66,ASX,
2:51:08 PM,74.57,39,2908.23,ASX,
2:51:08 PM,74.57,14,1043.98,ASX,
2:51:08 PM,74.57,13,969.41,ASX,
2:51:08 PM,74.57,13,969.41,ASX,
2:51:07 PM,74.57,27,2013.39,ASX,
2:51:07 PM,74.57,16,1193.12,ASX,
2:51:07 PM,74.57,13,969.41,ASX,
2:51:07 PM,74.57,10,745.7,ASX,
2:50:58 PM,74.55,660,49203,CXA,
2:50:58 PM,74.55,6,447.3,CXA,
2:50:38 PM,74.54,134,9988.36,ASX,
2:50:31 PM,74.55,30,2236.5,ASX,
2:50:24 PM,74.56,287,21398.72,CXA,
2:50:20 PM,74.55,134,9989.7,ASX,
2:50:20 PM,74.55,30,2236.5,CXA,
2:50:16 PM,74.55,3500,260925,ASX,
2:49:58 PM,74.54,150,11181,ASX,
2:49:58 PM,74.54,150,11181,ASX,
2:49:25 PM,74.53,132,9837.96,ASX,
2:49:17 PM,74.55,103,7678.65,ASX,
2:49:17 PM,74.56,100,7456,ASX,
2:48:50 PM,74.56,100,7456,CXA,
2:48:48 PM,74.55,132,9840.6,ASX,
2:48:36 PM,74.55,13,969.15,ASX,
2:48:08 PM,74.58,135,10068.3,CXA,
2:48:07 PM,74.55,14,1043.7,ASX,
2:48:02 PM,74.57,19,1416.83,ASX,
2:48:02 PM,74.57,7,521.99,CXA,
2:47:23 PM,74.57,1500,111855,CXA,
2:47:22 PM,74.55,67,4994.85,ASX,
2:47:10 PM,74.56,242,18043.52,CXA,
2:46:58 PM,74.57,33,2460.81,ASX,
2:46:40 PM,74.53,22,1639.66,ASX,
2:45:10 PM,74.54,130,9690.2,CXA,
2:44:56 PM,74.55,124,9244.2,ASX,
2:44:56 PM,74.55,9,670.95,ASX,
2:44:51 PM,74.58,130,9695.4,CXA,
2:44:49 PM,74.57,100,7457,ASX,
2:44:40 PM,74.6,27,2014.2,ASX,
2:44:35 PM,74.58,92,6861.36,ASX,
2:43:44 PM,74.53,34,2534.02,CXA,
2:43:29 PM,74.5,1,74.5,ASX,
2:43:23 PM,74.54,2641,196860.14,ASX,
2:43:23 PM,74.54,341,25418.14,ASX,
2:43:23 PM,74.54,7,521.78,ASX,
2:43:23 PM,74.53,361,26905.33,ASX,
2:43:23 PM,74.53,150,11179.5,ASX,
2:43:23 PM,74.48,33,2457.84,ASX,
2:43:23 PM,74.48,58,4319.84,ASX,
2:43:23 PM,74.48,559,41634.32,ASX,
2:43:23 PM,74.48,89,6628.72,ASX,
2:43:23 PM,74.48,46,3426.08,ASX,
2:43:23 PM,74.49,142,10577.58,ASX,
2:43:23 PM,74.49,211,15717.39,ASX,
2:43:23 PM,74.49,127,9460.23,ASX,
2:43:23 PM,74.49,351,26145.99,ASX,
2:43:23 PM,74.49,30,2234.7,ASX,
2:43:23 PM,74.49,35,2607.15,ASX,
2:43:22 PM,74.49,44,3277.56,ASX,
2:43:22 PM,74.49,83,6182.67,ASX,
2:43:22 PM,74.49,1746,130059.54,ASX,
2:43:22 PM,74.49,84,6257.16,ASX,
2:43:22 PM,74.49,77,5735.73,ASX,
2:43:22 PM,74.49,259,19292.91,ASX,
2:43:22 PM,74.49,25,1862.25,ASX,
2:43:22 PM,74.49,59,4394.91,ASX,
2:43:22 PM,74.49,11,819.39,ASX,
2:43:22 PM,74.49,22,1638.78,ASX,
2:43:22 PM,74.49,23,1713.27,ASX,
2:43:21 PM,74.49,10,744.9,ASX,
2:43:18 PM,74.54,182,13566.28,ASX,
2:43:18 PM,74.54,20,1490.8,ASX,
2:43:16 PM,74.54,23,1714.42,ASX,
2:43:11 PM,74.54,226,16846.04,ASX,
2:43:11 PM,74.54,304,22660.16,ASX,
2:43:11 PM,74.54,150,11181,ASX,
2:42:28 PM,74.48,1037,77235.76,ASX,
2:42:28 PM,74.48,243,18098.64,ASX,
2:42:28 PM,74.49,150,11173.5,ASX,
2:42:22 PM,74.53,41,3055.73,ASX,
2:42:22 PM,74.52,44,3278.88,ASX,
2:41:59 PM,74.54,52,3876.08,ASX,
2:41:51 PM,74.52,7,521.64,ASX,
2:41:44 PM,74.54,10,745.4,ASX,
2:41:33 PM,74.56,150,11184,ASX,
2:41:20 PM,74.54,42,3130.68,ASX,
2:41:20 PM,74.54,92,6857.68,ASX,
2:41:14 PM,74.58,2514,187494.12,ASX,
2:41:14 PM,74.58,336,25058.88,ASX,
2:41:14 PM,74.58,150,11187,ASX,
2:41:06 PM,74.58,150,11187,CXA,
2:41:03 PM,74.58,320,23865.6,CXA,
2:40:58 PM,74.58,1000,74580,CXA,
2:40:47 PM,74.57,15,1118.55,ASX,
2:40:47 PM,74.58,95,7085.1,ASX,
2:40:34 PM,74.58,125,9322.5,ASX,
2:40:20 PM,74.57,12,894.84,CXA,
2:40:07 PM,74.57,68,5070.76,CXA,
2:40:04 PM,74.57,70,5219.9,CXA,
2:40:02 PM,74.54,19,1416.26,ASX,
2:40:01 PM,74.54,7,521.78,CXA,
2:40:00 PM,74.53,26,1937.78,CXA,
2:39:45 PM,74.51,267,19894.17,CXA,
2:39:26 PM,74.52,120,8942.4,ASX,
2:39:25 PM,74.52,300,22356,CXA,
2:39:19 PM,74.51,3500,260785,ASX,
2:39:06 PM,74.52,267,19896.84,CXA,
2:38:59 PM,74.52,268,19971.36,ASX,
2:38:54 PM,74.52,135,10060.2,ASX,
2:38:53 PM,74.52,7,521.64,CXA,
2:38:51 PM,74.49,77,5735.73,ASX,
2:38:50 PM,74.52,13,968.76,CXA,
2:38:50 PM,74.52,20,1490.4,CXA,
2:38:32 PM,74.5,252,18774,ASX,
2:38:32 PM,74.5,150,11175,ASX,
2:37:59 PM,74.49,375,27933.75,CXA,
2:37:53 PM,74.47,1250,93087.5,CXA,
2:37:48 PM,74.47,250,18617.5,CXA,
2:37:22 PM,74.46,26,1935.96,ASX,
2:37:22 PM,74.46,244,18168.24,ASX,
2:37:18 PM,74.46,16,1191.36,ASX,
2:36:51 PM,74.41,123,9152.43,ASX,
2:36:50 PM,74.39,39,2901.21,ASX,
2:36:50 PM,74.4,7,520.8,ASX,
2:36:20 PM,74.41,1467,109159.47,ASX,
2:36:20 PM,74.41,150,11161.5,ASX,
2:36:20 PM,74.41,733,54542.53,ASX,
2:36:20 PM,74.41,150,11161.5,ASX,
2:35:36 PM,74.44,332,24714.08,CXA,
2:35:02 PM,74.41,150,11161.5,ASX,
2:35:02 PM,74.41,150,11161.5,ASX,
2:34:45 PM,74.37,92,6842.04,CXA,
2:34:32 PM,74.35,26,1933.1,ASX,
2:34:31 PM,74.36,67,4982.12,ASX,
2:34:20 PM,74.4,5,372,ASX,
2:34:20 PM,74.4,150,11160,ASX,
2:34:05 PM,74.4,50,3720,ASX,
2:33:36 PM,74.46,107,7967.22,ASX,
2:33:36 PM,74.46,20,1489.2,ASX,
2:33:36 PM,74.46,7,521.22,CXA,
2:32:58 PM,74.42,950,70699,CXA,
2:32:47 PM,74.4,16,1190.4,ASX,
2:32:46 PM,74.44,335,24937.4,CXA,
2:32:31 PM,74.46,27,2010.42,CXA,
2:32:27 PM,74.46,187,13924.02,CXA,
2:32:26 PM,74.46,26,1935.96,CXA,
2:32:14 PM,74.43,174,12950.82,ASX,
2:32:14 PM,74.44,343,25532.92,ASX,
2:32:14 PM,74.45,67,4988.15,ASX,
2:32:14 PM,74.45,134,9976.3,ASX,
2:32:01 PM,74.46,150,11169,ASX,
2:31:55 PM,74.47,48,3574.56,ASX,
2:31:41 PM,74.49,387,28827.63,ASX,
2:31:41 PM,74.49,13,968.37,ASX,
2:31:38 PM,74.54,3,223.62,ASX,
2:31:38 PM,74.53,332,24743.96,ASX,
2:31:16 PM,74.51,150,11176.5,ASX,
2:30:54 PM,74.56,70,5219.2,CXA,
2:29:49 PM,74.59,100,7459,CXA,
2:29:44 PM,74.59,350,26106.5,CXA,
2:29:19 PM,74.51,900,67059,CXA,
2:28:51 PM,74.49,119,8864.31,ASX,
2:28:51 PM,74.48,150,11172,ASX,
2:28:30 PM,74.52,650,48438,CXA,
2:28:08 PM,74.5,70,5215,CXA,
2:28:03 PM,74.49,15,1117.35,ASX,
2:27:54 PM,74.5,75,5587.5,ASX,
2:27:49 PM,74.5,473,35238.5,CXA,
2:27:49 PM,74.5,122,9089,CXA,
2:27:47 PM,74.48,280,20854.4,ASX,
2:27:47 PM,74.49,20,1489.8,ASX,XT
2:27:46 PM,74.5,180,13410,CXA,
2:27:46 PM,74.5,213,15868.5,CXA,
2:27:44 PM,74.5,100,7450,CXA,
2:27:43 PM,74.49,10,744.9,ASX,XT
2:27:41 PM,74.5,8,596,ASX,
2:27:37 PM,74.52,66,4918.32,CXA,
2:27:33 PM,74.5,53,3948.5,ASX,
2:27:33 PM,74.5,97,7226.5,ASX,
2:27:33 PM,74.5,53,3948.5,ASX,
2:27:33 PM,74.5,420,31290,ASX,
2:27:33 PM,74.5,60,4470,ASX,
2:27:33 PM,74.5,140,10430,ASX,
2:27:26 PM,74.53,265,19750.45,ASX,
2:27:21 PM,74.51,771,57447.21,CXA,
2:27:21 PM,74.51,392,29207.92,CXA,
2:27:18 PM,74.52,137,10209.24,CXA,
2:27:13 PM,74.52,473,35247.96,ASX,
2:27:13 PM,74.53,11,819.83,ASX,
2:26:44 PM,74.6,527,39314.2,ASX,
2:26:44 PM,74.6,3,223.8,ASX,
2:26:44 PM,74.6,156,11637.6,ASX,
2:26:44 PM,74.6,128,9548.8,ASX,
2:26:44 PM,74.59,282,21034.38,ASX,
2:26:44 PM,74.59,150,11188.5,ASX,
2:26:44 PM,74.6,755,56323,ASX,
2:26:44 PM,74.6,128,9548.8,ASX,
2:26:44 PM,74.6,784,58486.4,ASX,
2:26:31 PM,74.62,4,298.48,CXA,
2:26:14 PM,74.64,135,10076.4,ASX,
2:26:08 PM,74.6,41,3058.6,ASX,
2:26:07 PM,74.6,145,10817,ASX,
2:26:07 PM,74.6,347,25886.2,ASX,
2:26:07 PM,74.6,207,15442.2,ASX,
2:26:07 PM,74.6,451,33644.6,ASX,
2:26:07 PM,74.6,785,58561,ASX,
2:26:06 PM,74.6,111,8280.6,ASX,
2:26:04 PM,74.64,66,4926.24,CXA,
2:25:56 PM,74.67,67,5002.89,CXA,
2:25:55 PM,74.65,26,1940.9,ASX,
2:25:55 PM,74.65,10,746.5,CXA,
2:25:37 PM,74.6,3,223.8,ASX,
2:25:29 PM,74.62,6,447.72,ASX,
2:25:26 PM,74.6,195,14547,CXA,
2:25:13 PM,74.59,133,9920.47,CXA,
2:25:13 PM,74.59,350,26106.5,CXA,
2:25:04 PM,74.58,150,11187,ASX,
2:24:56 PM,74.59,6,447.54,CXA,
2:24:53 PM,74.56,92,6859.52,CXA,
2:24:33 PM,74.57,50,3728.5,ASX,
2:24:26 PM,74.55,11,820.05,ASX,
2:24:18 PM,74.57,66,4921.62,ASX,
2:23:57 PM,74.6,67,4998.2,ASX,
2:23:55 PM,74.6,30,2238,ASX,
2:23:42 PM,74.57,65,4847.05,CXA,
2:22:59 PM,74.6,133,9921.8,ASX,
2:22:55 PM,74.58,134,9993.72,ASX,
2:22:49 PM,74.61,67,4998.87,ASX,
2:22:18 PM,74.65,13,970.45,ASX,
2:21:57 PM,74.68,79,5899.72,CXA,
2:21:31 PM,74.63,26,1940.38,ASX,
2:21:31 PM,74.63,10,746.3,CXA,
2:21:10 PM,74.6,3,223.8,ASX,
2:21:02 PM,74.6,200,14920,ASX,
2:19:54 PM,74.59,40,2983.6,ASX,
2:19:54 PM,74.62,53,3954.86,CXA,
2:19:51 PM,74.65,2,149.3,ASX,
2:19:26 PM,74.59,70,5221.3,CXA,
2:18:51 PM,74.57,267,19910.19,CXA,
2:18:49 PM,74.57,201,14988.57,CXA,
2:18:46 PM,74.54,81,6037.74,ASX,
2:18:41 PM,74.58,35,2610.3,CXA,
2:18:26 PM,74.6,50,3730,CXA,
2:18:22 PM,74.61,25,1865.25,ASX,
2:18:22 PM,74.61,8,596.88,CXA,
2:18:08 PM,74.59,90,6713.1,ASX,
2:18:06 PM,74.58,13,969.54,ASX,
2:17:56 PM,74.61,20,1492.2,CXA,
2:17:54 PM,74.61,26,1939.86,CXA,
2:17:51 PM,74.59,150,11188.5,ASX,
2:17:48 PM,74.59,7,522.13,ASX,
2:16:54 PM,74.67,110,8213.7,CXA,
2:16:38 PM,74.64,20,1492.8,ASX,
2:16:17 PM,74.63,80,5970.4,ASX,
2:16:05 PM,74.62,13,970.06,CXA,
2:15:59 PM,74.6,200,14920,ASX,
2:15:59 PM,74.6,100,7460,ASX,
2:15:21 PM,74.66,100,7466,CXA,
2:15:19 PM,74.65,139,10376.35,ASX,
2:14:47 PM,74.64,92,6866.88,ASX,
2:14:47 PM,74.64,19,1418.16,ASX,
2:14:20 PM,74.62,1500,111930,CXA,
2:14:09 PM,74.61,798,59538.78,CXA,
2:14:02 PM,74.61,150,11191.5,ASX,
2:13:55 PM,74.62,97,7238.14,CXA,
2:13:55 PM,74.62,108,8058.96,CXA,
2:13:55 PM,74.62,500,37310,CXA,
2:13:53 PM,74.61,150,11191.5,ASX,
2:13:51 PM,74.61,13,969.93,ASX,
2:13:20 PM,74.61,30,2238.3,CXA,
2:13:17 PM,74.59,562,41919.58,CXA,
2:13:17 PM,74.59,460,34311.4,CXA,
2:13:17 PM,74.59,158,11785.22,CXA,
2:13:17 PM,74.59,255,19020.45,CXA,
2:13:12 PM,74.59,348,25957.32,CXA,
2:12:57 PM,74.6,14,1044.4,ASX,
2:12:43 PM,74.6,115,8579,CXA,
2:12:43 PM,74.6,734,54756.4,CXA,
2:12:42 PM,74.6,75,5595,CXA,
2:12:40 PM,74.6,39,2909.4,ASX,
2:12:34 PM,74.62,61,4551.82,CXA,
2:12:33 PM,74.62,94,7014.28,CXA,
2:12:29 PM,74.62,145,10819.9,CXA,
2:12:27 PM,74.62,251,18729.62,CXA,
2:12:27 PM,74.62,116,8655.92,CXA,
2:12:27 PM,74.62,118,8805.16,CXA,
2:12:22 PM,74.62,66,4924.92,CXA,
2:12:09 PM,74.62,200,14924,CXA,
2:12:00 PM,74.61,150,11191.5,ASX,
2:11:39 PM,74.64,67,5000.88,ASX,
2:11:38 PM,74.62,356,26564.72,CXA,
2:11:35 PM,74.61,135,10072.35,CXA,
2:11:29 PM,74.61,40,2984.4,ASX,
2:10:48 PM,74.6,118,8802.8,ASX,
2:10:48 PM,74.6,152,11339.2,ASX,
2:10:35 PM,74.61,13,969.93,ASX,
2:10:24 PM,74.61,130,9699.3,CXA,
2:10:18 PM,74.64,66,4926.24,CXA,
2:10:16 PM,74.64,41,3060.24,CXA,
2:10:12 PM,74.62,75,5596.5,ASX,
2:10:05 PM,74.6,66,4923.6,ASX,
2:09:43 PM,74.61,84,6267.24,ASX,
2:09:33 PM,74.66,133,9929.78,ASX,
2:09:24 PM,74.62,53,3954.86,ASX,
2:09:10 PM,74.62,797,59472.14,ASX,
2:08:57 PM,74.61,34,2536.74,CXA,
2:08:50 PM,74.61,4,298.44,ASX,
2:08:50 PM,74.59,2,149.18,ASX,
2:08:50 PM,74.61,21,1566.81,CXA,
2:08:49 PM,74.59,6,447.54,ASX,
2:08:48 PM,74.59,21,1566.39,ASX,
2:08:35 PM,74.57,100,7457,ASX,
2:08:32 PM,74.57,8,596.56,ASX,
2:08:31 PM,74.6,40,2984,ASX,
2:08:31 PM,74.6,201,14994.6,ASX,
2:08:25 PM,74.62,184,13730.08,ASX,
2:08:25 PM,74.62,150,11193,ASX,
2:07:42 PM,74.65,110,8211.5,ASX,
2:07:42 PM,74.65,150,11197.5,ASX,
2:07:25 PM,74.65,133,9928.45,ASX,
2:07:20 PM,74.7,11,821.7,ASX,
2:07:15 PM,74.69,127,9485.63,ASX,
2:06:05 PM,74.68,7,522.76,ASX,
2:06:00 PM,74.66,40,2986.4,ASX,
2:05:51 PM,74.7,534,39889.8,CXA,
2:05:45 PM,74.69,68,5078.92,CXA,
2:05:26 PM,74.69,67,5004.23,ASX,
2:05:18 PM,74.72,111,8293.92,ASX,
2:05:18 PM,74.72,150,11208,ASX,
2:05:12 PM,74.72,843,62988.96,ASX,
2:05:12 PM,74.72,357,26675.04,ASX,
2:05:12 PM,74.72,150,11208,ASX,
2:05:00 PM,74.72,92,6874.24,ASX,
2:04:38 PM,74.71,183,13671.93,ASX,
2:04:38 PM,74.71,387,28912.77,ASX,
2:04:12 PM,74.69,134,10008.46,CXA,
2:04:08 PM,74.66,393,29341.38,ASX,
2:04:06 PM,74.66,113,8436.58,ASX,
2:04:06 PM,74.65,19,1418.35,ASX,
2:04:06 PM,74.65,7,522.55,CXA,
2:03:49 PM,74.63,150,11194.5,ASX,
2:03:32 PM,74.65,120,8958,ASX,
2:03:32 PM,74.65,150,11197.5,ASX,
2:03:31 PM,74.63,66,4925.58,ASX,
2:03:21 PM,74.67,26,1941.42,ASX,
2:03:10 PM,74.67,454,33900.18,ASX,
2:03:09 PM,74.68,501,37414.68,ASX,
2:03:09 PM,74.69,150,11203.5,ASX,
2:02:53 PM,74.74,153,11435.22,ASX,
2:02:53 PM,74.74,621,46413.54,ASX,
2:02:53 PM,74.74,77,5754.98,ASX,
2:02:53 PM,74.74,55,4110.7,ASX,
2:02:53 PM,74.74,94,7025.56,ASX,
2:02:53 PM,74.74,333,24888.42,ASX,
2:02:45 PM,74.71,73,5453.83,CXA,
2:02:32 PM,74.71,13,971.23,CXA,
2:02:15 PM,74.71,125,9338.75,ASX,
2:02:14 PM,74.74,14,1046.36,CXA,
2:02:10 PM,74.75,15,1121.25,CXA,
2:02:09 PM,74.71,464,34665.44,ASX,
2:02:09 PM,74.71,386,28838.06,ASX,
2:02:09 PM,74.71,150,11206.5,ASX,
2:02:00 PM,74.71,97,7246.87,ASX,
2:01:17 PM,74.76,66,4934.16,ASX,
2:01:11 PM,74.77,150,11215.5,ASX,
2:01:11 PM,74.76,291,21755.16,ASX,
2:01:11 PM,74.75,298,22275.5,ASX,
2:01:11 PM,74.78,761,56907.58,CXA,
2:01:02 PM,74.66,1900,141854,ASX,
2:01:02 PM,74.66,442,32999.72,ASX,
2:01:02 PM,74.67,466,34796.22,ASX,
2:01:02 PM,74.68,310,23150.8,ASX,
2:01:02 PM,74.69,321,23975.49,ASX,
2:01:02 PM,74.7,325,24277.5,ASX,
2:01:02 PM,74.71,2500,186775,ASX,
2:01:02 PM,74.71,346,25849.66,ASX,
2:01:02 PM,74.72,2500,186800,ASX,
2:01:02 PM,74.72,298,22266.56,ASX,
2:01:02 PM,74.72,150,11208,ASX,
2:01:02 PM,74.73,292,21821.16,ASX,
2:01:02 PM,74.74,150,11211,ASX,
2:01:02 PM,74.66,10000,746600,CXA,
2:01:02 PM,74.71,2500,186775,CXA,
2:01:02 PM,74.72,2500,186800,CXA,
2:00:58 PM,74.76,55,4111.8,ASX,
2:00:53 PM,74.76,20,1495.2,ASX,
2:00:48 PM,74.76,70,5233.2,ASX,
2:00:46 PM,74.77,31,2317.87,ASX,
2:00:46 PM,74.77,320,23926.4,ASX,
2:00:46 PM,74.76,316,23624.16,ASX,
2:00:34 PM,74.75,66,4933.5,ASX,
2:00:27 PM,74.79,9,673.11,CXA,
1:59:41 PM,74.87,7,524.09,CXA,
1:59:30 PM,74.9,50,3745,CXA,
1:59:16 PM,74.9,130,9737,CXA,
1:58:24 PM,74.88,935,70012.8,CXA,
1:58:18 PM,74.88,67,5016.96,ASX,
1:57:50 PM,74.93,45,3371.85,ASX,
1:57:50 PM,74.93,21,1573.53,ASX,
1:57:29 PM,74.88,54,4043.52,ASX,
1:57:08 PM,74.9,284,21271.6,ASX,
1:57:08 PM,74.9,66,4943.4,ASX,
1:57:03 PM,74.9,50,3745,ASX,
1:56:59 PM,74.88,69,5166.72,ASX,
1:56:50 PM,74.87,265,19840.55,CXA,
1:56:47 PM,74.87,200,14974,CXA,
1:56:32 PM,74.85,40,2994,ASX,
1:55:58 PM,74.95,1750,131162.5,CXA,
1:55:51 PM,74.9,31,2321.9,CXA,
1:55:01 PM,74.86,92,6887.12,ASX,
1:54:37 PM,74.84,65,4864.6,ASX,
1:54:29 PM,74.84,21,1571.64,ASX,
1:54:28 PM,74.84,834,62416.56,CXA,
1:53:39 PM,74.8,100,7480,ASX,
1:53:38 PM,74.8,200,14960,CXA,
1:53:10 PM,74.74,66,4932.84,ASX,
1:53:06 PM,74.75,134,10016.5,CXA,
1:53:02 PM,74.72,361,26973.92,ASX,
1:51:56 PM,74.73,66,4932.18,CXA,
1:51:53 PM,74.73,13,971.49,CXA,
1:51:38 PM,74.71,12,896.52,ASX,
1:50:36 PM,74.61,19,1417.59,ASX,
1:50:33 PM,74.61,7,522.27,CXA,
1:49:45 PM,74.54,33,2459.82,CXA,
1:49:32 PM,74.54,135,10062.9,ASX,
1:49:29 PM,74.54,13,969.02,ASX,
1:49:23 PM,74.53,4,298.12,ASX,
1:49:03 PM,74.54,138,10286.52,ASX,
1:49:02 PM,74.54,30,2236.2,CXA,
1:48:48 PM,74.51,170,12666.7,ASX,
1:48:48 PM,74.51,150,11176.5,ASX,
1:48:07 PM,74.54,150,11181,CXA,
1:48:02 PM,74.55,500,37275,CXA,
1:47:55 PM,74.54,100,7454,CXA,
1:47:28 PM,74.56,150,11184,CXA,
1:47:17 PM,74.52,13,968.76,CXA,
1:47:08 PM,74.55,100,7455,ASX,
1:47:08 PM,74.55,100,7455,ASX,
1:47:05 PM,74.57,75,5592.75,ASX,
1:47:00 PM,74.62,562,41936.44,CXA,
1:46:30 PM,74.62,100,7462,CXA,
1:46:26 PM,74.55,1282,95573.1,CXA,
1:46:26 PM,74.56,368,27438.08,ASX,
1:46:26 PM,74.56,150,11184,ASX,
1:46:16 PM,74.61,28,2089.08,CXA,
1:46:14 PM,74.56,222,16552.32,CXA,
1:46:03 PM,74.6,30,2238,ASX,
1:45:59 PM,74.62,270,20147.4,CXA,
1:45:46 PM,74.61,45,3357.45,CXA,
1:45:22 PM,74.55,19,1416.45,ASX,
1:45:22 PM,74.53,18,1341.54,ASX,
1:45:22 PM,74.53,7,521.71,CXA,
1:45:05 PM,74.5,80,5960,ASX,
1:45:05 PM,74.5,21,1564.5,ASX,
1:45:05 PM,74.5,13,968.5,ASX,
1:45:05 PM,74.5,200,14900,ASX,
1:45:05 PM,74.5,40,2980,ASX,
1:45:00 PM,74.55,35,2609.25,ASX,
1:45:00 PM,74.55,38,2832.9,CXA,
1:44:48 PM,74.56,270,20131.2,ASX,
1:44:41 PM,74.61,133,9923.13,CXA,
1:44:30 PM,74.63,66,4925.58,ASX,
1:43:57 PM,74.63,31,2313.53,CXA,
1:43:57 PM,74.63,227,16941.01,ASX,
1:43:54 PM,74.64,40,2985.6,ASX,
1:43:27 PM,74.66,138,10303.08,ASX,
1:43:27 PM,74.66,161,12020.26,ASX,
1:43:27 PM,74.66,371,27698.86,ASX,
1:43:23 PM,74.65,55,4105.75,ASX,
1:43:04 PM,74.58,50,3729,CXA,
1:42:57 PM,74.54,200,14908,ASX,
1:42:52 PM,74.55,300,22365,CXA,
1:42:40 PM,74.56,17,1267.52,ASX,
1:42:20 PM,74.59,330,24614.7,CXA,
1:41:51 PM,74.57,106,7904.42,ASX,
1:41:21 PM,74.65,40,2986,CXA,
1:40:57 PM,74.7,37,2763.9,ASX,
1:40:29 PM,74.67,40,2986.8,ASX,
1:40:25 PM,74.63,133,9925.79,ASX,
1:40:22 PM,74.67,14,1045.38,CXA,
1:40:19 PM,74.64,141,10524.24,ASX,
1:40:18 PM,74.64,200,14928,ASX,
1:40:16 PM,74.68,100,7468,CXA,
1:40:12 PM,74.68,1387,103581.16,CXA,
1:40:12 PM,74.68,440,32859.2,CXA,
1:39:50 PM,74.57,133,9917.81,CXA,
1:39:38 PM,74.65,61,4553.65,CXA,
1:39:38 PM,74.61,150,11191.5,ASX,
1:39:30 PM,74.61,311,23203.71,ASX,
1:39:28 PM,74.6,134,9996.4,ASX,
1:39:28 PM,74.6,24,1790.4,ASX,
1:39:27 PM,74.6,161,12010.6,ASX,
1:39:25 PM,74.62,100,7462,ASX,
1:39:14 PM,74.69,1037,77453.53,ASX,
1:39:14 PM,74.69,363,27112.47,ASX,
1:39:10 PM,74.7,2000,149400,CXA,
1:39:02 PM,74.71,19,1419.49,ASX,
1:39:02 PM,74.71,7,522.97,CXA,
1:39:01 PM,74.68,300,22404,ASX,
1:38:36 PM,74.71,268,20022.28,ASX,
1:38:35 PM,74.74,24,1793.76,ASX,
1:38:35 PM,74.73,42,3138.66,ASX,
1:38:35 PM,74.72,268,20024.96,ASX,
1:38:35 PM,74.7,225,16807.5,ASX,
1:38:34 PM,74.7,340,25398,ASX,
1:38:24 PM,74.7,40,2988,ASX,
1:38:21 PM,74.73,235,17561.55,ASX,
1:38:02 PM,74.77,60,4486.2,ASX,
1:37:50 PM,74.74,117,8744.58,ASX,
1:37:50 PM,74.74,150,11211,ASX,
1:37:32 PM,74.67,48,3584.16,CXA,
1:37:32 PM,74.67,7,522.69,CXA,
1:37:29 PM,74.65,26,1940.9,ASX,
1:37:28 PM,74.64,279,20824.56,ASX,
1:37:15 PM,74.66,1495,111616.7,ASX,
1:37:15 PM,74.66,313,23368.58,ASX,
1:37:15 PM,74.66,150,11199,ASX,
1:37:09 PM,74.66,50,3733,ASX,
1:37:08 PM,74.69,50,3734.5,ASX,
1:36:49 PM,74.72,651,48642.72,ASX,
1:36:49 PM,74.72,349,26077.28,ASX,
1:36:48 PM,74.72,101,7546.72,CXA,
1:36:42 PM,74.71,100,7471,ASX,
1:36:41 PM,74.71,239,17855.69,ASX,
1:36:22 PM,74.71,1500,112065,CXA,
1:36:19 PM,74.71,33,2465.43,CXA,
1:36:17 PM,74.69,356,26589.64,ASX,
1:36:17 PM,74.69,37,2763.53,ASX,
1:36:15 PM,74.77,500,37385,CXA,
1:36:08 PM,74.71,429,32050.59,ASX,
1:36:08 PM,74.7,831,62075.7,CXA,
1:36:01 PM,74.79,66,4936.14,CXA,
1:35:43 PM,74.77,137,10243.49,CXA,
1:35:26 PM,74.72,305,22789.6,ASX,
1:35:17 PM,74.77,330,24674.1,ASX,
1:35:17 PM,74.76,324,24222.24,ASX,
1:35:10 PM,74.73,429,32059.17,ASX,
1:35:10 PM,74.72,458,34221.76,ASX,
1:35:07 PM,74.67,92,6869.64,CXA,
1:34:51 PM,74.68,416,31066.88,ASX,
1:34:51 PM,74.69,1608,120101.52,CXA,
1:34:41 PM,74.73,26,1942.98,ASX,
1:34:09 PM,74.78,339,25350.42,ASX,
1:34:09 PM,74.77,342,25571.34,ASX,
1:34:06 PM,74.76,20,1495.2,ASX,
1:33:54 PM,74.79,150,11218.5,ASX,
1:33:30 PM,74.9,202,15129.8,ASX,
1:33:30 PM,74.89,317,23740.13,ASX,
1:33:30 PM,74.89,148,11083.72,ASX,
1:33:29 PM,74.89,2,149.78,ASX,
1:33:27 PM,74.89,241,18048.49,ASX,
1:33:26 PM,74.89,49,3669.61,ASX,
1:33:26 PM,74.89,314,23515.46,ASX,
1:33:25 PM,74.88,314,23512.32,ASX,
1:33:07 PM,75.04,1350,101304,CXA,
1:33:03 PM,75.02,23,1725.46,ASX,
1:32:59 PM,74.97,13,974.61,ASX,
1:32:55 PM,75,702,52650,ASX,
1:32:55 PM,75,207,15525,ASX,
1:32:48 PM,74.97,1426,106907.22,CXA,
1:32:40 PM,75,1091,81825,ASX,
1:32:38 PM,75,164,12300,CXA,
1:32:38 PM,75,3121,234075,CXA,
1:32:37 PM,74.99,24,1799.76,ASX,
1:32:37 PM,74.99,216,16197.84,ASX,
1:32:27 PM,74.95,301,22559.95,ASX,
1:32:12 PM,74.92,20,1498.4,ASX,
1:32:03 PM,74.82,310,23194.2,ASX,
1:31:58 PM,74.77,100,7477,ASX,
1:31:57 PM,74.76,67,5008.92,CXA,
1:31:55 PM,74.74,70,5231.8,ASX,
1:31:55 PM,74.73,19,1419.87,ASX,
1:31:55 PM,74.73,7,523.11,CXA,
1:31:53 PM,74.67,11,821.37,ASX,
1:31:46 PM,74.7,13,971.1,ASX,
1:31:45 PM,74.73,500,37365,CXA,
1:31:25 PM,74.81,325,24313.25,ASX,
1:31:18 PM,74.82,291,21772.62,ASX,
1:31:12 PM,74.83,377,28210.91,ASX,
1:31:12 PM,74.82,382,28581.24,ASX,
1:31:11 PM,74.81,390,29175.9,ASX,
1:31:10 PM,74.8,389,29097.2,ASX,
1:31:07 PM,74.76,377,28184.52,ASX,
1:30:57 PM,74.72,350,26152,ASX,
1:30:37 PM,74.73,67,5006.91,ASX,
1:30:36 PM,74.75,1337,99940.75,ASX,
1:30:31 PM,74.8,133,9948.4,ASX,
1:30:31 PM,74.81,70,5236.7,ASX,
1:30:30 PM,74.84,37,2769.08,ASX,
1:30:02 PM,74.91,449,33634.59,ASX,
1:29:53 PM,74.94,66,4946.04,ASX,
1:29:53 PM,74.94,200,14988,ASX,
1:29:50 PM,74.93,10,749.3,ASX,
1:29:35 PM,74.84,358,26792.72,ASX,
1:29:27 PM,74.82,150,11223,ASX,
1:29:27 PM,74.82,150,11223,ASX,
1:29:26 PM,74.82,150,11223,ASX,
1:29:26 PM,74.84,19,1421.96,ASX,
1:29:17 PM,74.78,73,5458.94,ASX,
1:29:07 PM,74.77,60,4486.2,ASX,
1:28:56 PM,74.82,507,37933.74,CXA,
1:28:56 PM,74.82,2199,164529.18,CXA,
1:28:56 PM,74.82,708,52972.56,CXA,
1:28:35 PM,74.79,385,28794.15,ASX,
1:28:35 PM,74.79,563,42106.77,ASX,
1:28:35 PM,74.79,150,11218.5,ASX,
1:28:08 PM,74.8,267,19971.6,ASX,
1:27:55 PM,74.75,66,4933.5,CXA,
1:27:51 PM,74.74,500,37370,CXA,
1:27:11 PM,74.59,120,8950.8,ASX,
1:27:00 PM,74.58,19,1417.02,ASX,
1:27:00 PM,74.58,7,522.06,CXA,
1:27:00 PM,74.56,9,671.04,ASX,
1:26:57 PM,74.55,67,4994.85,ASX,
1:26:56 PM,74.55,27,2012.85,ASX,
1:26:41 PM,74.5,272,20264,ASX,
1:26:41 PM,74.5,63,4693.5,ASX,
1:26:37 PM,74.57,13,969.41,ASX,
1:26:15 PM,74.66,132,9855.12,ASX,
1:25:31 PM,74.59,92,6862.28,ASX,
1:25:29 PM,74.62,255,19028.1,ASX,
1:25:29 PM,74.61,150,11191.5,ASX,
1:25:21 PM,74.6,3,223.8,CXA,
1:25:21 PM,74.6,13,969.8,CXA,
1:25:05 PM,74.55,131,9766.05,ASX,
1:25:05 PM,74.52,92,6855.84,CXA,
1:24:14 PM,74.38,100,7438,ASX,
1:24:10 PM,74.39,100,7439,ASX,
1:23:49 PM,74.41,12,892.92,ASX,
1:23:49 PM,74.41,346,25745.86,ASX,
1:23:45 PM,74.42,497,36986.74,CXA,
1:23:44 PM,74.41,315,23439.15,ASX,
1:23:31 PM,74.43,28,2084.04,CXA,
1:23:29 PM,74.4,372,27676.8,ASX,
1:22:48 PM,74.51,55,4098.05,ASX,
1:22:39 PM,74.47,33,2457.51,CXA,
1:22:33 PM,74.45,134,9976.3,CXA,
1:21:47 PM,74.29,47,3491.63,CXA,
1:21:30 PM,74.3,145,10773.5,CXA,
1:20:02 PM,74.13,11,815.43,ASX,
1:20:01 PM,74.12,333,24681.96,CXA,
1:20:01 PM,74.12,13,963.56,CXA,
1:19:59 PM,74.09,1,74.09,ASX,
1:19:59 PM,74.09,6,444.54,ASX,
1:19:58 PM,74.09,20,1481.8,ASX,
1:19:42 PM,74.07,27,1999.89,ASX,
1:19:35 PM,74.05,250,18512.5,ASX,
1:19:35 PM,74.05,150,11107.5,ASX,
1:19:31 PM,74.09,13,963.17,CXA,
1:19:05 PM,74.06,246,18218.76,ASX,
1:19:05 PM,74.06,488,36141.28,ASX,
1:19:05 PM,74.06,237,17552.22,ASX,
1:19:05 PM,74.06,539,39918.34,ASX,
1:19:05 PM,74.06,1000,74060,ASX,
1:19:00 PM,74.08,176,13038.08,CXA,
1:19:00 PM,74.08,429,31780.32,CXA,
1:19:00 PM,74.08,265,19631.2,CXA,
1:19:00 PM,74.08,297,22001.76,CXA,
1:19:00 PM,74.07,1336,98957.52,CXA,
1:19:00 PM,74.07,550,40738.5,CXA,
1:18:55 PM,74.06,140,10368.4,ASX,
1:18:26 PM,74.03,337,24948.11,CXA,
1:18:16 PM,74.06,157,11627.42,CXA,
1:17:57 PM,74.01,14,1036.14,ASX,
1:17:53 PM,73.97,350,25889.5,CXA,
1:17:46 PM,74,200,14800,ASX,
1:17:46 PM,74,270,19980,ASX,
1:17:46 PM,74,77,5698,ASX,
1:17:46 PM,74,40,2960,ASX,
1:17:46 PM,74,200,14800,ASX,
1:17:46 PM,74,14,1036,ASX,
1:17:46 PM,74,127,9398,ASX,
1:17:42 PM,74.04,100,7404,CXA,
1:17:39 PM,74.06,848,62802.88,ASX,
1:17:38 PM,74.06,361,26735.66,ASX,
1:17:32 PM,74.06,91,6739.46,ASX,
1:17:32 PM,74.06,150,11109,ASX,
1:17:25 PM,74,75,5550,ASX,
1:17:25 PM,74,15,1110,ASX,
1:17:25 PM,74,65,4810,ASX,
1:17:25 PM,74,35,2590,ASX,
1:17:25 PM,74,135,9990,ASX,
1:17:25 PM,74,150,11100,ASX,
1:17:25 PM,74,135,9990,ASX,
1:17:25 PM,74,67,4958,ASX,
1:17:25 PM,74,200,14800,ASX,
1:17:22 PM,74.01,26,1924.26,ASX,
1:17:22 PM,74.01,541,40039.41,ASX,
1:17:22 PM,74.01,1698,125668.98,ASX,
1:17:20 PM,74.01,245,18132.45,ASX,
1:17:20 PM,74.01,192,14209.92,ASX,
1:17:13 PM,74.05,67,4961.35,CXA,
1:17:10 PM,74.02,270,19985.4,ASX,
1:17:09 PM,74.03,93,6884.79,ASX,
1:17:09 PM,74.03,245,18137.35,ASX,
1:17:09 PM,74.07,1121,83032.47,ASX,
1:17:09 PM,74.06,531,39325.86,ASX,
1:17:09 PM,74.06,150,11109,ASX,
1:16:37 PM,74.14,47,3484.58,ASX,
1:16:30 PM,74.13,22,1630.86,CXA,
1:16:27 PM,74.13,70,5189.1,CXA,
1:16:12 PM,74.12,127,9413.24,ASX,
1:16:05 PM,74.12,413,30611.56,ASX,
1:16:00 PM,74.08,140,10371.2,ASX,
1:15:33 PM,74.07,150,11110.5,ASX,
1:15:25 PM,74.1,7,518.7,ASX,
1:15:09 PM,74.12,3,222.36,ASX,
1:15:09 PM,74.12,67,4966.04,ASX,
1:15:08 PM,74.12,67,4966.04,ASX,
1:15:06 PM,74.13,68,5040.84,CXA,
1:15:03 PM,74.12,402,29796.24,ASX,
1:15:03 PM,74.12,1748,129561.76,ASX,
1:15:03 PM,74.12,402,29796.24,ASX,
1:14:57 PM,74.12,150,11118,ASX,
1:14:50 PM,74.12,7,518.84,CXA,
1:14:42 PM,74.11,10,741.1,ASX,
1:14:41 PM,74.11,19,1408.09,ASX,
1:14:41 PM,74.12,4,296.48,CXA,
1:14:41 PM,74.11,7,518.77,CXA,
1:14:32 PM,74.07,150,11110.5,ASX,
1:14:29 PM,74.08,519,38447.52,ASX,
1:14:24 PM,74.08,67,4963.36,ASX,
1:14:24 PM,74.08,27,2000.16,ASX,
1:14:24 PM,74.08,473,35039.84,ASX,
1:14:24 PM,74.08,150,11112,ASX,
1:14:08 PM,74.12,54,4002.48,CXA,
1:14:07 PM,74.12,50,3706,ASX,
1:14:05 PM,74.12,26,1927.12,ASX,
1:14:03 PM,74.09,394,29191.46,ASX,
1:14:02 PM,74.1,19,1407.9,ASX,
1:14:02 PM,74.1,13,963.3,ASX,
1:14:02 PM,74.11,13,963.43,ASX,
1:13:57 PM,74.16,134,9937.44,ASX,
1:13:37 PM,74.14,1077,79848.78,ASX,
1:13:37 PM,74.14,423,31361.22,ASX,
1:13:17 PM,74.15,60,4449,ASX,
1:12:50 PM,74.06,150,11109,ASX,
1:12:41 PM,74.07,101,7481.07,ASX,
1:12:16 PM,74.18,4,296.72,ASX,
1:12:11 PM,74.18,178,13204.04,ASX,
1:12:11 PM,74.18,472,35012.96,ASX,
1:11:57 PM,74.17,292,21657.64,ASX,
1:11:57 PM,74.17,207,15353.19,ASX,
1:11:56 PM,74.19,150,11128.5,ASX,
1:11:56 PM,74.21,150,11131.5,ASX,
1:11:45 PM,74.23,40,2969.2,ASX,
1:11:23 PM,74.2,500,37100,ASX,
1:11:23 PM,74.23,117,8684.91,ASX,
1:11:23 PM,74.23,150,11134.5,ASX,
1:11:22 PM,74.21,150,11131.5,ASX,
1:11:17 PM,74.27,120,8912.4,ASX,
1:11:17 PM,74.27,532,39511.64,ASX,
1:11:17 PM,74.27,150,11140.5,ASX,
1:11:15 PM,74.28,107,7947.96,CXA,
1:11:11 PM,74.26,1000,74260,ASX,
1:11:11 PM,74.26,600,44556,ASX,
1:11:11 PM,74.26,1000,74260,ASX,
1:11:11 PM,74.26,442,32822.92,CXA,
1:11:11 PM,74.26,595,44184.7,CXA,
1:11:11 PM,74.26,1830,135895.8,CXA,
1:11:11 PM,74.26,847,62898.22,CXA,
1:11:11 PM,74.26,2197,163149.22,CXA,
1:11:11 PM,74.26,345,25619.7,CXA,
1:11:11 PM,74.26,229,17005.54,CXA,
1:11:11 PM,74.26,636,47229.36,CXA,
1:11:11 PM,74.26,1454,107974.04,CXA,
1:11:11 PM,74.26,217,16114.42,CXA,
1:11:11 PM,74.26,217,16114.42,CXA,
1:11:11 PM,74.26,991,73591.66,CXA,
1:11:07 PM,74.25,65,4826.25,ASX,
1:10:58 PM,74.25,13,965.25,ASX,
1:10:58 PM,74.26,65,4826.9,ASX,
1:10:54 PM,74.21,94,6975.74,CXA,
1:10:51 PM,74.23,25,1855.75,ASX,
1:10:51 PM,74.23,135,10021.05,CXA,
1:10:33 PM,74.22,40,2968.8,ASX,
1:10:27 PM,74.2,30,2226,ASX,
1:10:23 PM,74.22,100,7422,ASX,
1:10:22 PM,74.2,240,17808,ASX,
1:10:16 PM,74.22,100,7422,ASX,
1:10:10 PM,74.26,163,12104.38,ASX,
1:10:09 PM,74.26,507,37649.82,ASX,
1:09:57 PM,74.3,13,965.9,CXA,
1:09:44 PM,74.33,133,9885.89,ASX,
1:09:22 PM,74.3,27,2006.1,ASX,
1:09:14 PM,74.32,13,966.16,CXA,
1:09:12 PM,74.32,134,9958.88,ASX,
1:08:54 PM,74.35,4,297.4,ASX,
1:08:52 PM,74.35,16,1189.6,ASX,
1:08:47 PM,74.35,5,371.75,CXA,
1:08:47 PM,74.35,7,520.45,CXA,
1:08:34 PM,74.33,35,2601.55,ASX,
1:08:09 PM,74.3,40,2972,ASX,XT
1:08:06 PM,74.34,396,29438.64,ASX,
1:08:05 PM,74.35,5909,439334.15,ASX,
1:08:05 PM,74.35,1079,80223.65,ASX,
1:08:05 PM,74.35,157,11672.95,ASX,
1:08:05 PM,74.35,76,5650.6,ASX,
1:08:05 PM,74.35,210,15613.5,ASX,
1:08:05 PM,74.35,865,64312.75,ASX,
1:08:05 PM,74.35,201,14944.35,ASX,
1:08:05 PM,74.35,277,20594.95,ASX,
1:08:05 PM,74.35,1231,91524.85,ASX,
1:08:05 PM,74.35,2265,168402.75,ASX,
1:08:05 PM,74.35,542,40297.7,ASX,
1:08:05 PM,74.35,248,18438.8,ASX,
1:08:05 PM,74.35,389,28922.15,ASX,
1:07:56 PM,74.39,55,4091.45,CXA,
1:07:53 PM,74.37,133,9891.21,ASX,
1:07:43 PM,74.32,2158,160382.56,ASX,
1:07:43 PM,74.32,388,28836.16,ASX,
1:07:43 PM,74.32,150,11148,ASX,
1:07:42 PM,74.36,7,520.52,ASX,
1:07:41 PM,74.3,1000,74300,CXA,
1:07:26 PM,74.35,54,4014.9,ASX,
1:07:26 PM,74.35,41,3048.35,ASX,
1:07:26 PM,74.35,305,22676.75,ASX,
1:07:26 PM,74.35,75,5576.25,ASX,
1:07:25 PM,74.32,201,14938.32,ASX,
1:06:56 PM,74.3,67,4978.1,ASX,
1:06:36 PM,74.32,2500,185800,CXA,
1:06:35 PM,74.32,664,49348.48,ASX,
1:06:35 PM,74.32,340,25268.8,ASX,
1:06:35 PM,74.33,346,25718.18,ASX,
1:06:35 PM,74.33,150,11149.5,ASX,
1:06:26 PM,74.36,799,59413.64,CXA,
1:06:23 PM,74.35,67,4981.45,ASX,
1:06:23 PM,74.34,92,6839.28,CXA,
1:06:12 PM,74.31,100,7431,ASX,
1:05:56 PM,74.31,67,4978.77,ASX,
1:05:54 PM,74.31,70,5201.7,CXA,
1:05:48 PM,74.32,42,3121.44,CXA,
1:05:32 PM,74.32,53,3938.96,ASX,
1:05:19 PM,74.31,208,15456.48,ASX,
1:05:18 PM,74.31,40,2972.4,ASX,
1:05:06 PM,74.34,26,1932.84,ASX,
1:05:02 PM,74.34,350,26019,ASX,
1:05:02 PM,74.34,150,11151,ASX,
1:04:41 PM,74.37,66,4908.42,ASX,
1:04:28 PM,74.36,21,1561.56,ASX,
1:04:19 PM,74.32,40,2972.8,ASX,
1:04:08 PM,74.32,437,32477.84,CXA,
1:04:03 PM,74.38,50,3719,ASX,
1:03:41 PM,74.35,26,1933.1,ASX,
1:03:29 PM,74.38,33,2454.54,ASX,
1:03:24 PM,74.38,66,4909.08,ASX,
1:03:05 PM,74.37,22,1636.14,ASX,
1:03:01 PM,74.36,67,4982.12,ASX,
1:02:59 PM,74.36,260,19333.6,ASX,
1:02:58 PM,74.36,50,3718,ASX,
1:02:58 PM,74.36,150,11154,ASX,
1:02:57 PM,74.36,435,32346.6,ASX,
1:02:57 PM,74.35,442,32862.7,ASX,
1:02:57 PM,74.34,450,33453,ASX,
1:02:46 PM,74.37,150,11155.5,CXA,
1:02:46 PM,74.32,150,11148,ASX,
1:02:45 PM,74.38,460,34214.8,ASX,
1:02:45 PM,74.39,459,34145.01,ASX,
1:02:44 PM,74.4,525,39060,ASX,
1:02:44 PM,74.42,150,11163,ASX,
1:02:33 PM,74.5,10,745,CXA,
1:02:31 PM,74.49,395,29423.55,ASX,
1:02:31 PM,74.49,39,2905.11,ASX,
1:02:30 PM,74.49,24,1787.76,ASX,
1:02:23 PM,74.57,507,37806.99,ASX,
1:02:21 PM,74.6,106,7907.6,ASX,
1:02:18 PM,74.64,100,7464,CXA,
1:02:18 PM,74.6,66,4923.6,ASX,
1:02:18 PM,74.6,510,38046,ASX,
1:02:15 PM,74.66,53,3956.98,ASX,
1:01:55 PM,74.58,52,3878.16,ASX,
1:01:40 PM,74.55,70,5218.5,ASX,
1:01:36 PM,74.52,600,44712,ASX,
1:01:36 PM,74.52,694,51716.88,CXA,
1:01:36 PM,74.52,456,33981.12,CXA,
1:01:36 PM,74.52,169,12593.88,CXA,
1:01:36 PM,74.52,207,15425.64,CXA,
1:01:36 PM,74.52,247,18406.44,CXA,
1:01:36 PM,74.52,299,22281.48,CXA,
1:01:36 PM,74.52,2199,163869.48,CXA,
1:01:36 PM,74.52,1800,134136,CXA,
1:01:36 PM,74.52,224,16692.48,CXA,
1:01:36 PM,74.52,249,18555.48,CXA,
1:01:34 PM,74.49,58,4320.42,ASX,
1:01:33 PM,74.52,9,670.68,ASX,
1:01:33 PM,74.52,2000,149040,CXA,
1:01:29 PM,74.49,424,31583.76,ASX,
1:01:29 PM,74.47,92,6851.24,ASX,
1:01:26 PM,74.44,447,33274.68,ASX,
1:00:54 PM,74.28,60,4456.8,CXA,
1:00:50 PM,74.17,39,2892.63,CXA,
1:00:43 PM,74.19,409,30343.71,ASX,
1:00:43 PM,74.2,405,30051,ASX,
1:00:35 PM,74.21,13,964.73,ASX,
1:00:35 PM,74.2,463,34354.6,ASX,
1:00:15 PM,74.2,506,37545.2,ASX,
12:59:50 PM,74.17,26,1928.42,ASX,
12:59:50 PM,74.17,57,4227.69,ASX,
12:59:30 PM,74.2,299,22185.8,ASX,
12:59:07 PM,74.17,54,4005.18,ASX,
12:58:55 PM,74.15,150,11122.5,ASX,
12:58:51 PM,74.16,50,3708,ASX,
12:58:44 PM,74.16,13,964.08,CXA,
12:58:42 PM,74.14,327,24243.78,ASX,
12:58:05 PM,74.26,862,64012.12,ASX,
12:58:01 PM,74.29,150,11143.5,ASX,
12:58:01 PM,74.3,50,3715,CXA,
12:57:50 PM,74.23,299,22194.77,ASX,
12:57:41 PM,74.29,40,2971.6,CXA,
12:57:40 PM,74.25,16,1188,ASX,
12:57:40 PM,74.25,252,18711,ASX,
12:57:36 PM,74.29,67,4977.43,ASX,
12:57:31 PM,74.28,348,25849.44,ASX,
12:57:31 PM,74.3,701,52084.3,ASX,
12:57:31 PM,74.3,244,18129.2,ASX,
12:57:28 PM,74.33,260,19325.8,ASX,
12:57:28 PM,74.33,150,11149.5,ASX,
12:57:27 PM,74.36,200,14872,ASX,
12:57:26 PM,74.33,21,1560.93,ASX,
12:57:26 PM,74.33,8,594.64,CXA,
12:56:47 PM,74.39,67,4984.13,CXA,
12:56:39 PM,74.42,50,3721,ASX,
12:56:30 PM,74.45,67,4988.15,CXA,
12:56:23 PM,74.41,2014,149861.74,CXA,
12:55:53 PM,74.46,15,1116.9,ASX,
12:55:44 PM,74.42,132,9823.44,ASX,
12:55:44 PM,74.42,7500,558150,ASX,
12:55:44 PM,74.42,391,29098.22,ASX,
12:55:44 PM,74.42,150,11163,ASX,
12:55:40 PM,74.4,225,16740,ASX,
12:55:40 PM,74.4,655,48732,ASX,
12:55:36 PM,74.43,250,18607.5,CXA,
12:55:28 PM,74.46,13,967.98,CXA,
12:55:24 PM,74.47,100,7447,ASX,
12:55:02 PM,74.44,134,9974.96,CXA,
12:55:02 PM,74.44,28,2084.32,ASX,
12:54:51 PM,74.42,13,967.46,CXA,
12:54:48 PM,74.41,67,4985.47,ASX,
12:54:47 PM,74.41,31,2306.71,ASX,
12:54:47 PM,74.4,336,24998.4,ASX,
12:54:45 PM,74.4,46,3422.4,ASX,
12:54:45 PM,74.4,27,2008.8,ASX,
12:54:44 PM,74.4,33,2455.2,ASX,
12:54:44 PM,74.4,90,6696,ASX,
12:54:44 PM,74.41,200,14882,CXA,
12:54:43 PM,74.4,13,967.2,ASX,
12:54:19 PM,74.44,134,9974.96,ASX,
12:54:07 PM,74.48,140,10427.2,ASX,
12:53:58 PM,74.51,100,7451,ASX,
12:53:48 PM,74.52,135,10060.2,ASX,
12:53:28 PM,74.48,410,30536.8,ASX,
12:53:16 PM,74.52,210,15649.2,CXA,
12:52:59 PM,74.6,12,895.2,CXA,
12:52:26 PM,74.6,357,26632.2,ASX,
12:52:26 PM,74.6,450,33570,ASX,
12:52:26 PM,74.6,193,14397.8,ASX,
12:52:26 PM,74.6,357,26632.2,ASX,
12:52:26 PM,74.6,150,11190,ASX,
12:52:26 PM,74.61,826,61627.86,CXA,
12:52:23 PM,74.59,344,25658.96,ASX,
12:52:23 PM,74.58,2,149.16,ASX,
12:52:22 PM,74.58,6,447.48,ASX,
12:52:22 PM,74.58,21,1566.18,ASX,
12:51:52 PM,74.5,40,2980,ASX,
12:51:52 PM,74.5,4,298,ASX,
12:51:42 PM,74.6,13,969.8,ASX,
12:51:39 PM,74.61,65,4849.65,ASX,
12:51:34 PM,74.59,40,2983.6,ASX,
12:51:17 PM,74.62,14,1044.68,ASX,
12:51:16 PM,74.58,182,13573.56,ASX,
12:51:16 PM,74.58,1013,75549.54,CXA,
12:51:12 PM,74.63,50,3731.5,ASX,
12:51:12 PM,74.63,150,11194.5,ASX,
12:50:50 PM,74.75,13,971.75,CXA,
12:50:39 PM,74.73,100,7473,ASX,
12:50:30 PM,74.75,7,523.25,CXA,
12:49:58 PM,74.69,187,13967.03,ASX,
12:49:58 PM,74.68,187,13965.16,ASX,
12:49:58 PM,74.68,150,11202,ASX,
12:49:58 PM,74.67,191,14261.97,ASX,
12:49:58 PM,74.7,85,6349.5,CXA,
12:49:55 PM,74.66,193,14409.38,ASX,
12:49:50 PM,74.66,27,2015.82,ASX,
12:49:48 PM,74.66,26,1941.16,CXA,
12:49:46 PM,74.66,117,8735.22,ASX,
12:49:46 PM,74.66,284,21203.44,ASX,
12:49:43 PM,74.72,28,2092.16,CXA,
12:49:42 PM,74.7,53,3959.1,ASX,
12:49:41 PM,74.71,136,10160.56,ASX,
12:49:39 PM,74.72,543,40572.96,ASX,
12:49:39 PM,74.72,245,18306.4,ASX,
12:49:39 PM,74.72,512,38256.64,ASX,
12:49:39 PM,74.72,268,20024.96,ASX,
12:49:39 PM,74.72,64,4782.08,ASX,
12:49:39 PM,74.72,852,63661.44,ASX,
12:49:39 PM,74.72,234,17484.48,ASX,
12:49:39 PM,74.72,1183,88393.76,ASX,
12:49:39 PM,74.72,953,71208.16,ASX,
12:49:39 PM,74.72,112,8368.64,ASX,
12:49:39 PM,74.72,287,21444.64,ASX,
12:49:39 PM,74.72,394,29439.68,ASX,
12:49:39 PM,74.72,980,73225.6,ASX,
12:49:39 PM,74.72,135,10087.2,ASX,
12:49:39 PM,74.72,667,49838.24,ASX,
12:49:30 PM,74.73,469,35048.37,CXA,
12:49:30 PM,74.73,136,10163.28,CXA,
12:49:30 PM,74.73,285,21298.05,CXA,
12:49:23 PM,74.73,51,3811.23,ASX,
12:49:23 PM,74.73,99,7398.27,ASX,
12:49:08 PM,74.7,13,971.1,CXA,
12:48:54 PM,74.7,127,9486.9,CXA,
12:48:54 PM,74.7,6,448.2,CXA,
12:48:39 PM,74.77,200,14954,ASX,
12:48:22 PM,74.8,64,4787.2,ASX,
12:48:22 PM,74.8,150,11220,ASX,
12:48:15 PM,74.82,5,374.1,CXA,
12:48:08 PM,74.86,26,1946.36,ASX,
12:48:07 PM,74.85,67,5014.95,ASX,
12:48:06 PM,74.86,100,7486,ASX,
12:48:05 PM,74.88,13,973.44,ASX,
12:48:03 PM,74.88,415,31075.2,ASX,
12:48:03 PM,74.89,452,33850.28,ASX,
12:48:03 PM,74.9,1073,80367.7,ASX,
12:48:02 PM,74.9,260,19474,ASX,
12:48:02 PM,74.9,15,1123.5,ASX,
12:48:02 PM,74.9,150,11235,ASX,
12:48:02 PM,74.9,502,37599.8,ASX,
12:47:34 PM,75,100,7500,ASX,
12:47:34 PM,75,133,9975,ASX,
12:47:34 PM,75,22,1650,ASX,
12:47:33 PM,75.02,515,38635.3,ASX,
12:47:33 PM,75.01,150,11251.5,ASX,
12:47:33 PM,75,311,23325,ASX,
12:47:33 PM,75,28,2100,ASX,XT
12:47:33 PM,75.02,19,1425.38,CXA,
12:47:32 PM,75.02,13,975.26,ASX,
12:47:22 PM,75.03,66,4951.98,ASX,
12:47:21 PM,75.03,1000,75030,CXA,
12:47:10 PM,75.03,134,10054.02,ASX,
12:47:10 PM,75.03,150,11254.5,ASX,
12:46:59 PM,75.12,40,3004.8,CXA,
12:46:10 PM,75.08,92,6907.36,ASX,
12:45:20 PM,74.96,38,2848.48,ASX,
12:45:20 PM,74.96,54,4047.84,CXA,
12:45:11 PM,74.97,133,9971.01,ASX,
12:45:11 PM,74.97,2,149.94,ASX,
12:45:02 PM,75.02,66,4951.32,ASX,
12:45:01 PM,75,132,9900,ASX,
12:45:01 PM,75,10,750,ASX,
12:44:50 PM,75.02,399,29932.98,ASX,
12:44:37 PM,75.05,199,14934.95,ASX,
12:44:32 PM,75.06,265,19890.9,CXA,
12:44:26 PM,75.05,6,450.3,ASX,
12:44:26 PM,75.05,21,1576.05,ASX,
12:44:07 PM,75,7,525,ASX,
12:44:01 PM,75.07,50,3753.5,CXA,
12:43:35 PM,75.05,10,750.5,CXA,
12:43:29 PM,75.03,79,5927.37,ASX,
12:43:29 PM,75.03,550,41266.5,ASX,
12:43:29 PM,75.03,151,11329.53,ASX,
12:43:29 PM,75.03,189,14180.67,ASX,
12:43:28 PM,75.03,351,26335.53,ASX,
12:43:26 PM,74.98,49,3674.02,ASX,
12:43:15 PM,74.99,307,23021.93,ASX,
12:43:15 PM,74.99,193,14473.07,ASX,
12:43:13 PM,75.02,339,25431.78,ASX,
12:43:02 PM,75.03,278,20858.34,ASX,
12:42:46 PM,75.03,550,41266.5,ASX,
12:42:46 PM,75.03,150,11254.5,ASX,
12:42:43 PM,75.06,327,24544.62,ASX,
12:42:36 PM,75.07,12,900.84,ASX,
12:42:30 PM,75.08,267,20046.36,CXA,
12:42:28 PM,75.03,700,52521,CXA,
12:42:10 PM,74.98,8,599.84,ASX,
12:42:09 PM,74.98,375,28117.5,ASX,
12:42:09 PM,74.99,8,599.92,ASX,
12:42:09 PM,74.99,7,524.93,ASX,
12:42:09 PM,74.99,370,27746.3,ASX,
12:42:09 PM,75,15,1125,ASX,
12:42:06 PM,75.03,328,24609.84,ASX,
12:42:02 PM,75.11,66,4957.26,ASX,
12:41:57 PM,75.11,335,25161.85,CXA,
12:41:53 PM,75.11,66,4957.26,ASX,
12:41:50 PM,75.09,40,3003.6,ASX,
12:41:42 PM,75.04,225,16884,CXA,
12:41:40 PM,75.01,135,10126.35,CXA,
12:41:38 PM,75,26,1950,ASX,
12:41:37 PM,74.99,26,1949.74,ASX,
12:41:35 PM,75,100,7500,ASX,
12:41:35 PM,75,13,975,ASX,
12:41:26 PM,75.04,150,11256,ASX,
12:41:20 PM,75.05,100,7505,CXA,
12:41:17 PM,75.05,591,44354.55,ASX,
12:41:17 PM,75.05,13,975.65,ASX,
12:40:49 PM,75.02,500,37510,CXA,
12:40:48 PM,75.03,300,22509,CXA,
12:40:43 PM,74.99,150,11248.5,ASX,
12:40:43 PM,75,3584,268800,ASX,
12:40:42 PM,75,1336,100200,ASX,
12:40:42 PM,75,113,8475,ASX,
12:40:28 PM,75.02,30,2250.6,ASX,
12:40:19 PM,74.94,55,4121.7,CXA,
12:40:15 PM,74.97,100,7497,ASX,
12:40:15 PM,74.97,200,14994,ASX,
12:40:12 PM,74.95,13,974.35,ASX,
12:40:08 PM,74.99,7,524.93,ASX,
12:39:54 PM,74.97,293,21966.21,ASX,
12:39:52 PM,74.97,7,524.79,ASX,
12:39:41 PM,74.99,30,2249.7,CXA,
12:39:30 PM,75.02,1,75.02,ASX,
12:39:30 PM,75.02,24,1800.48,ASX,
12:39:26 PM,75,136,10200,ASX,
12:39:26 PM,75,279,20925,ASX,
12:39:20 PM,75,81,6075,ASX,XT
12:39:20 PM,75,100,7500,ASX,
12:39:20 PM,75,100,7500,ASX,XT
12:39:20 PM,75,19,1425,ASX,
12:39:19 PM,75,8,600,ASX,
12:39:07 PM,74.94,514,38519.16,ASX,
12:38:42 PM,74.95,8,599.6,CXA,
12:38:37 PM,74.94,9,674.46,CXA,
12:38:37 PM,74.95,25,1873.75,ASX,
12:38:33 PM,74.95,57,4272.15,CXA,
12:38:29 PM,74.92,13,973.96,ASX,
12:38:29 PM,74.92,150,11238,ASX,
12:38:26 PM,74.95,60,4497,CXA,
12:38:23 PM,74.97,200,14994,ASX,
12:37:47 PM,74.94,7,524.58,CXA,
12:37:46 PM,74.93,50,3746.5,ASX,
12:37:42 PM,74.9,1300,97370,CXA,
12:37:31 PM,74.84,46,3442.64,ASX,
12:37:25 PM,74.82,586,43844.52,CXA,
12:37:24 PM,74.8,70,5236,ASX,
12:37:24 PM,74.8,50,3740,ASX,
12:37:17 PM,74.86,8,598.88,ASX,
12:37:17 PM,74.85,3583,268187.55,CXA,
12:37:16 PM,74.85,40,2994,CXA,
12:36:38 PM,74.85,47,3517.95,CXA,
12:36:28 PM,74.8,627,46899.6,ASX,
12:36:22 PM,74.85,26,1946.1,ASX,
12:36:12 PM,74.86,683,51129.38,CXA,
12:36:00 PM,74.8,25,1870,ASX,
12:35:58 PM,74.8,12,897.6,CXA,
12:35:56 PM,74.82,66,4938.12,CXA,
12:35:50 PM,74.8,96,7180.8,ASX,
12:35:49 PM,74.76,52,3887.52,ASX,
12:35:49 PM,74.76,40,2990.4,ASX,
12:35:31 PM,74.66,147,10975.02,ASX,
12:34:58 PM,74.69,55,4107.95,CXA,
12:34:54 PM,74.67,228,17024.76,CXA,
12:34:50 PM,74.63,162,12090.06,ASX,
12:34:26 PM,74.63,35,2612.05,CXA,
12:34:14 PM,74.61,200,14922,ASX,
12:34:13 PM,74.6,19,1417.4,ASX,
12:34:13 PM,74.6,7,522.2,CXA,
12:34:04 PM,74.52,29,2161.08,ASX,
12:34:03 PM,74.52,2500,186300,CXA,
12:33:57 PM,74.55,132,9840.6,ASX,
12:33:56 PM,74.58,67,4996.86,ASX,
12:33:30 PM,74.62,419,31265.78,CXA,
12:33:30 PM,74.62,534,39847.08,CXA,
12:33:30 PM,74.62,721,53801.02,CXA,
12:33:30 PM,74.62,506,37757.72,CXA,
12:33:02 PM,74.58,39,2908.62,ASX,
12:33:02 PM,74.58,600,44748,ASX,
12:32:38 PM,74.49,542,40373.58,ASX,
12:32:38 PM,74.5,800,59600,CXA,
12:32:30 PM,74.5,24,1788,CXA,
12:32:22 PM,74.46,65,4839.9,CXA,
12:32:11 PM,74.46,34,2531.64,CXA,
12:32:07 PM,74.45,416,30971.2,ASX,
12:32:07 PM,74.5,8,596,ASX,
12:31:56 PM,74.5,2000,149000,ASX,
12:31:54 PM,74.45,33,2456.85,ASX,
12:31:51 PM,74.4,58,4315.2,ASX,
12:31:48 PM,74.39,122,9075.58,ASX,
12:31:48 PM,74.39,600,44634,ASX,
12:31:46 PM,74.38,434,32280.92,ASX,
12:31:46 PM,74.38,566,42099.08,ASX,
12:31:39 PM,74.31,426,31656.06,ASX,
12:31:37 PM,74.31,136,10106.16,ASX,
12:31:14 PM,74.25,1344,99792,CXA,
12:31:13 PM,74.25,65,4826.25,ASX,
12:31:10 PM,74.18,35,2596.3,CXA,
12:31:04 PM,74.29,2670,198354.3,CXA,
12:31:02 PM,74.29,1,74.29,ASX,
12:30:59 PM,74.25,352,26136,ASX,
12:30:59 PM,74.25,757,56207.25,ASX,
12:30:59 PM,74.25,237,17597.25,ASX,
12:30:43 PM,74.33,50,3716.5,ASX,
12:30:37 PM,74.33,150,11149.5,ASX,
12:30:25 PM,74.36,669,49746.84,ASX,
12:30:23 PM,74.31,592,43991.52,ASX,
12:30:23 PM,74.31,1000,74310,ASX,
12:30:05 PM,74.23,537,39861.51,ASX,
12:30:05 PM,74.23,13,964.99,ASX,
12:30:03 PM,74.29,180,13372.2,ASX,
12:30:03 PM,74.29,20,1485.8,ASX,
12:29:11 PM,74.24,20,1484.8,ASX,
12:29:07 PM,74.22,26,1929.72,ASX,
12:28:54 PM,74.21,134,9944.14,ASX,
12:28:47 PM,74.18,100,7418,CXA,
12:28:47 PM,74.18,13,964.34,CXA,
12:28:44 PM,74.16,1000,74160,ASX,
12:28:44 PM,74.16,973,72157.68,CXA,
12:28:40 PM,74.18,184,13649.12,ASX,
12:28:40 PM,74.18,392,29078.56,ASX,
12:28:40 PM,74.17,150,11125.5,ASX,
12:28:33 PM,74.17,70,5191.9,ASX,
12:28:30 PM,74.19,401,29750.19,ASX,
12:28:18 PM,74.23,422,31325.06,ASX,
12:27:52 PM,74.03,404,29908.12,CXA,
12:27:33 PM,74.05,40,2962,ASX,
12:27:12 PM,74.03,26,1924.78,CXA,
12:27:08 PM,74.02,13,962.26,CXA,
12:27:00 PM,74.05,548,40579.4,ASX,
12:26:59 PM,74.05,22,1629.1,ASX,
12:26:59 PM,74.04,23,1702.92,ASX,
12:26:59 PM,74.04,568,42054.72,ASX,
12:26:59 PM,74.04,8,592.32,CXA,
12:26:48 PM,74.01,100,7401,ASX,
12:26:46 PM,74,80,5920,ASX,
12:26:28 PM,74.05,111,8219.55,ASX,
12:26:19 PM,74.06,67,4962.02,CXA,
12:26:11 PM,73.99,50,3699.5,ASX,
12:26:10 PM,73.94,1000,73940,CXA,
12:26:08 PM,73.98,10,739.8,CXA,
12:26:05 PM,73.99,3660,270803.4,ASX,
12:26:03 PM,73.99,400,29596,ASX,
12:25:59 PM,74,90,6660,ASX,
12:25:53 PM,74,90,6660,ASX,
12:25:45 PM,73.97,13,961.61,CXA,
12:25:33 PM,73.94,92,6802.48,ASX,
12:25:16 PM,73.9,20,1478,CXA,
12:25:14 PM,73.91,109,8056.19,CXA,
12:25:08 PM,73.89,13,960.57,ASX,
12:25:03 PM,73.91,14,1034.74,ASX,
12:24:44 PM,73.89,2,147.78,ASX,
12:24:42 PM,73.87,13,960.31,ASX,
12:24:33 PM,73.83,1859,137249.97,CXA,
12:24:24 PM,73.86,50,3693,CXA,
12:24:05 PM,73.8,67,4944.6,ASX,
12:24:02 PM,73.76,352,25963.52,ASX,
12:23:46 PM,73.73,102,7520.46,ASX,
12:23:25 PM,73.75,14,1032.5,ASX,
12:23:23 PM,73.75,135,9956.25,CXA,
12:22:56 PM,73.71,150,11056.5,ASX,
12:22:39 PM,73.66,123,9060.18,CXA,
12:22:21 PM,73.68,23,1694.64,CXA,
12:22:11 PM,73.61,121,8906.81,ASX,
12:22:02 PM,73.62,1,73.62,ASX,
12:22:02 PM,73.62,6,441.72,ASX,
12:22:02 PM,73.62,19,1398.78,ASX,
12:21:49 PM,73.6,67,4931.2,ASX,
12:21:48 PM,73.62,13,957.06,ASX,
12:21:41 PM,73.66,135,9944.1,ASX,
12:21:07 PM,73.72,3495,257651.4,CXA,
12:21:02 PM,73.72,600,44232,CXA,
12:19:56 PM,73.6,981,72201.6,ASX,
12:19:53 PM,73.6,139,10230.4,ASX,
12:19:53 PM,73.6,380,27968,ASX,
12:19:52 PM,73.6,33,2428.8,ASX,
12:19:45 PM,73.59,93,6843.87,CXA,
12:19:31 PM,73.47,2959,217397.73,ASX,
12:19:31 PM,73.47,459,33722.73,ASX,
12:19:12 PM,73.39,42,3082.38,CXA,
12:19:04 PM,73.4,603,44260.2,ASX,
12:19:04 PM,73.4,273,20038.2,ASX,
12:19:04 PM,73.4,25,1835,ASX,
12:19:03 PM,73.44,136,9987.84,CXA,
12:18:59 PM,73.42,15,1101.3,ASX,
12:18:59 PM,73.42,150,11013,ASX,
12:18:43 PM,73.42,54,3964.68,ASX,
12:18:29 PM,73.44,20,1468.8,ASX,
12:18:25 PM,73.42,55,4038.1,ASX,
12:17:51 PM,73.45,136,9989.2,ASX,
12:17:43 PM,73.43,27,1982.61,ASX,
12:17:41 PM,73.47,34,2497.98,ASX,
12:17:22 PM,73.45,653,47962.85,CXA,
12:17:21 PM,73.52,5,367.6,ASX,
12:17:05 PM,73.47,68,4995.96,ASX,
12:16:55 PM,73.51,80,5880.8,CXA,
12:16:54 PM,73.49,21,1543.29,ASX,
12:16:54 PM,73.49,8,587.92,CXA,
12:16:21 PM,73.45,69,5068.05,ASX,
12:16:01 PM,73.5,34,2499,ASX,
12:16:01 PM,73.5,2000,147000,ASX,
12:15:43 PM,73.4,136,9982.4,ASX,
12:15:36 PM,73.34,91,6673.94,ASX,
12:14:57 PM,73.25,25,1831.25,ASX,
12:14:52 PM,73.27,68,4982.36,ASX,
12:14:40 PM,73.23,330,24165.9,ASX,
12:14:23 PM,73.25,120,8790,ASX,
12:14:23 PM,73.25,20,1465,ASX,
12:13:58 PM,73.21,57,4172.97,ASX,
12:13:58 PM,73.22,261,19110.42,ASX,
12:13:58 PM,73.22,150,10983,ASX,
12:13:50 PM,73.3,13,952.9,ASX,
12:13:45 PM,73.33,67,4913.11,CXA,
12:13:40 PM,73.33,122,8946.26,ASX,
12:13:40 PM,73.33,14,1026.62,ASX,
12:13:36 PM,73.35,136,9975.6,CXA,
12:13:31 PM,73.35,150,11002.5,CXA,
12:13:31 PM,73.35,67,4914.45,CXA,
12:13:14 PM,73.36,68,4988.48,CXA,
12:12:48 PM,73.31,136,9970.16,ASX,
12:12:48 PM,73.33,136,9972.88,ASX,
12:12:36 PM,73.34,749,54931.66,CXA,
12:12:32 PM,73.34,187,13714.58,ASX,
12:12:32 PM,73.34,343,25155.62,ASX,
12:12:32 PM,73.34,150,11001,ASX,
12:12:26 PM,73.29,974,71384.46,CXA,
12:12:22 PM,73.3,273,20010.9,ASX,
12:12:22 PM,73.3,10,733,ASX,
12:12:18 PM,73.32,340,24928.8,CXA,
12:12:13 PM,73.31,21,1539.51,ASX,
12:12:13 PM,73.31,312,22872.72,ASX,
12:12:13 PM,73.31,150,10996.5,ASX,
12:12:07 PM,73.35,815,59780.25,CXA,
12:11:59 PM,73.36,13,953.68,CXA,
12:11:54 PM,73.37,35,2567.95,CXA,
12:11:25 PM,73.37,340,24945.8,CXA,
12:10:58 PM,73.34,847,62118.98,ASX,
12:10:58 PM,73.34,325,23835.5,ASX,
12:10:58 PM,73.34,150,11001,ASX,
12:10:51 PM,73.38,67,4916.46,ASX,
12:10:46 PM,73.4,5,367,CXA,
12:10:42 PM,73.42,40,2936.8,CXA,
12:10:20 PM,73.37,130,9538.1,ASX,
12:10:13 PM,73.38,23,1687.74,ASX,
12:10:13 PM,73.38,29,2128.02,ASX,
12:10:13 PM,73.38,9,660.42,CXA,
12:10:13 PM,73.38,11,807.18,CXA,
12:09:54 PM,73.35,3217,235966.95,CXA,
12:09:54 PM,73.35,199,14596.65,CXA,
12:09:48 PM,73.34,3185,233587.9,ASX,
12:09:27 PM,73.4,400,29360,CXA,
12:09:23 PM,73.39,135,9907.65,CXA,
12:09:22 PM,73.38,94,6897.72,ASX,
12:09:15 PM,73.35,552,40489.2,CXA,
12:09:02 PM,73.34,464,34029.76,ASX,
12:09:02 PM,73.34,136,9974.24,ASX,
12:09:02 PM,73.35,27,1980.45,ASX,
12:08:24 PM,73.38,317,23261.46,ASX,
12:08:24 PM,73.38,966,70885.08,CXA,
12:08:20 PM,73.38,275,20179.5,ASX,
12:08:07 PM,73.37,100,7337,CXA,
12:08:05 PM,73.39,130,9540.7,CXA,
12:07:59 PM,73.38,231,16950.78,ASX,
12:07:56 PM,73.37,300,22011,ASX,
12:07:49 PM,73.36,130,9536.8,ASX,
12:07:49 PM,73.36,150,11004,ASX,
12:07:41 PM,73.4,203,14900.2,ASX,
12:07:41 PM,73.4,136,9982.4,CXA,
12:07:38 PM,73.41,136,9983.76,CXA,
12:07:05 PM,73.37,73,5356.01,ASX,
12:07:05 PM,73.37,403,29568.11,ASX,
12:06:56 PM,73.46,36,2644.56,ASX,
12:06:56 PM,73.46,529,38860.34,ASX,
12:06:56 PM,73.46,181,13296.26,ASX,
12:06:56 PM,73.46,269,19760.74,ASX,
12:06:56 PM,73.46,330,24241.8,ASX,
12:06:46 PM,73.48,53,3894.44,ASX,
12:06:46 PM,73.48,150,11022,ASX,
12:06:46 PM,73.46,271,19907.66,ASX,
12:06:41 PM,73.54,13,956.02,ASX,
12:06:17 PM,73.62,150,11043,ASX,
12:06:17 PM,73.63,125,9203.75,CXA,
12:05:55 PM,73.51,365,26831.15,ASX,
12:05:48 PM,73.54,474,34857.96,ASX,
12:05:48 PM,73.53,55,4044.15,ASX,
12:05:48 PM,73.53,36,2647.08,CXA,
12:05:25 PM,73.5,100,7350,ASX,
12:05:25 PM,73.5,200,14700,ASX,
12:05:13 PM,73.45,136,9989.2,ASX,
12:04:45 PM,73.49,10,734.9,ASX,
12:04:41 PM,73.49,40,2939.6,CXA,
12:04:15 PM,73.41,10,734.1,ASX,
12:04:02 PM,73.49,300,22047,ASX,
12:03:40 PM,73.45,65,4774.25,CXA,
12:03:20 PM,73.47,215,15796.05,CXA,
12:02:08 PM,73.46,68,4995.28,CXA,
12:01:59 PM,73.45,2,146.9,ASX,
12:01:59 PM,73.45,232,17040.4,ASX,
12:01:59 PM,73.45,586,43041.7,ASX,
12:01:40 PM,73.43,600,44058,CXA,
12:01:40 PM,73.43,600,44058,CXA,
12:01:37 PM,73.46,3,220.38,CXA,
12:01:35 PM,73.38,6,440.28,ASX,
12:01:28 PM,73.38,467,34268.46,ASX,
12:01:26 PM,73.39,464,34052.96,ASX,
12:01:26 PM,73.4,453,33250.2,ASX,
12:01:26 PM,73.4,150,11010,ASX,
12:01:09 PM,73.5,487,35794.5,ASX,
12:01:09 PM,73.5,50,3675,ASX,
12:01:04 PM,73.39,255,18714.45,ASX,
12:01:04 PM,73.39,150,11008.5,ASX,
12:01:03 PM,73.39,67,4917.13,CXA,
12:01:03 PM,73.39,1430,104947.7,CXA,
12:00:59 PM,73.35,95,6968.25,ASX,
12:00:36 PM,73.35,341,25012.35,ASX,
12:00:20 PM,73.37,682,50038.34,ASX,
11:59:55 AM,73.25,152,11134,CXA,
11:59:23 AM,73.32,13,953.16,CXA,
11:59:06 AM,73.31,12,879.72,CXA,
11:58:45 AM,73.16,13,951.08,ASX,
11:58:40 AM,73.12,145,10602.4,ASX,
11:58:18 AM,73.2,1334,97648.8,ASX,
11:58:07 AM,73.19,230,16833.7,ASX,
11:57:28 AM,73.13,54,3949.02,CXA,
11:57:27 AM,73.09,13,950.17,ASX,
11:57:04 AM,73.14,136,9947.04,ASX,
11:57:02 AM,73.15,11,804.65,ASX,
11:56:55 AM,73.19,210,15369.9,ASX,
11:56:31 AM,73.16,402,29410.32,ASX,
11:56:31 AM,73.16,150,10974,ASX,
11:56:31 AM,73.14,87,6363.18,CXA,
11:56:30 AM,73.22,150,10983,ASX,
11:56:18 AM,73.16,68,4974.88,ASX,
11:56:16 AM,73.16,190,13900.4,ASX,
11:56:16 AM,73.16,150,10974,ASX,
11:56:07 AM,73.18,273,19978.14,CXA,
11:55:55 AM,73.17,150,10975.5,CXA,
11:55:36 AM,73.14,77,5631.78,ASX,
11:55:36 AM,73.14,389,28451.46,ASX,
11:55:36 AM,73.14,150,10971,ASX,
11:55:16 AM,73.15,7,512.05,CXA,
11:55:14 AM,73.15,500,36575,CXA,
11:55:14 AM,73.13,774,56602.62,ASX,
11:54:48 AM,73.14,327,23916.78,ASX,
11:54:48 AM,73.14,150,10971,ASX,
11:54:47 AM,73.12,700,51184,ASX,
11:54:41 AM,73.15,18,1316.7,ASX,
11:54:41 AM,73.15,45,3291.75,ASX,
11:54:41 AM,73.15,295,21579.25,ASX,
11:54:41 AM,73.16,150,10974,ASX,
11:54:08 AM,73.3,418,30639.4,ASX,
11:54:08 AM,73.3,403,29539.9,ASX,
11:54:08 AM,73.29,397,29096.13,ASX,
11:54:08 AM,73.29,150,10993.5,ASX,
11:54:07 AM,73.25,300,21975,CXA,
11:53:59 AM,73.27,24,1758.48,ASX,
11:53:46 AM,73.34,63,4620.42,ASX,
11:53:46 AM,73.34,369,27062.46,ASX,
11:53:43 AM,73.42,100,7342,CXA,
11:53:34 AM,73.35,75,5501.25,ASX,
11:53:30 AM,73.32,1201,88057.32,CXA,
11:53:17 AM,73.2,268,19617.6,ASX,
11:53:17 AM,73.2,13,951.6,ASX,
11:52:46 AM,72.98,40,2919.2,ASX,
11:52:44 AM,73,6,438,ASX,
11:52:44 AM,73,344,25112,ASX,
11:52:43 AM,73.04,3,219.12,ASX,
11:52:43 AM,73.04,31,2264.24,ASX,
11:52:43 AM,73.04,105,7669.2,ASX,
11:52:35 AM,73.13,42,3071.46,ASX,
11:52:33 AM,73.13,200,14626,ASX,
11:52:11 AM,73.09,363,26531.67,ASX,
11:52:10 AM,73.1,24,1754.4,ASX,
11:52:10 AM,73.1,226,16520.6,ASX,
11:52:10 AM,73.1,258,18859.8,ASX,
11:52:10 AM,73.1,157,11476.7,ASX,
11:52:10 AM,73.1,335,24488.5,ASX,
11:52:03 AM,73.15,200,14630,CXA,
11:51:53 AM,73.14,100,7314,CXA,
11:51:34 AM,73.11,134,9796.74,ASX,
11:51:34 AM,73.11,150,10966.5,ASX,
11:51:30 AM,73.11,135,9869.85,CXA,
11:51:28 AM,73.08,393,28720.44,ASX,
11:51:13 AM,73.14,30,2194.2,ASX,
11:51:03 AM,73.22,68,4978.96,CXA,
11:51:00 AM,73.19,150,10978.5,ASX,
11:50:29 AM,73.16,135,9876.6,ASX,
11:50:20 AM,73.16,36,2633.76,ASX,
11:50:20 AM,73.16,164,11998.24,ASX,
11:49:55 AM,73.1,300,21930,ASX,
11:49:45 AM,73.1,68,4970.8,CXA,
11:49:30 AM,73,71,5183,ASX,
11:49:30 AM,73,101,7373,ASX,
11:49:30 AM,73,31,2263,ASX,
11:49:13 AM,72.93,519,37850.67,CXA,
11:49:03 AM,72.89,796,58020.44,ASX,
11:49:03 AM,72.89,575,41911.75,ASX,
11:49:03 AM,72.89,379,27625.31,ASX,
11:48:53 AM,72.93,133,9699.69,ASX,
11:48:37 AM,72.96,150,10944,ASX,
11:48:18 AM,73.01,21,1533.21,ASX,
11:48:16 AM,73.01,88,6424.88,ASX,
11:48:12 AM,73,20,1460,ASX,
11:48:07 AM,73.06,686,50119.16,ASX,
11:48:00 AM,73.06,137,10009.22,ASX,
11:47:45 AM,73.03,27,1971.81,ASX,
11:47:09 AM,72.91,343,25008.13,ASX,
11:46:57 AM,72.95,68,4960.6,ASX,
11:46:57 AM,72.92,23,1677.16,ASX,
11:46:46 AM,72.93,60,4375.8,CXA,
11:46:23 AM,72.84,192,13985.28,ASX,
11:46:23 AM,72.84,150,10926,ASX,
11:46:16 AM,72.84,75,5463,CXA,
11:46:14 AM,72.8,270,19656,ASX,
11:46:14 AM,72.8,110,8008,CXA,
11:46:10 AM,72.8,120,8736,ASX,
11:45:48 AM,72.75,398,28954.5,ASX,
11:45:48 AM,72.75,402,29245.5,ASX,
11:45:48 AM,72.75,150,10912.5,ASX,
11:45:45 AM,72.79,7,509.53,ASX,
11:45:45 AM,72.76,75,5457,ASX,
11:45:41 AM,72.8,150,10920,CXA,
11:45:14 AM,72.78,394,28675.32,ASX,
11:45:10 AM,72.8,50,3640,CXA,
11:45:04 AM,72.8,100,7280,CXA,
11:45:03 AM,72.79,137,9972.23,ASX,
11:44:41 AM,72.77,200,14554,CXA,
11:44:40 AM,72.75,150,10912.5,ASX,
11:44:30 AM,72.8,68,4950.4,ASX,
11:43:57 AM,72.82,345,25122.9,CXA,
11:43:46 AM,72.86,27,1967.22,ASX,
11:43:34 AM,72.86,10,728.6,CXA,
11:43:28 AM,72.83,13,946.79,CXA,
11:43:11 AM,72.77,150,10915.5,ASX,
11:43:07 AM,72.8,342,24897.6,ASX,
11:43:01 AM,72.86,68,4954.48,CXA,
11:42:58 AM,72.85,68,4953.8,CXA,
11:42:42 AM,72.83,110,8011.3,ASX,
11:42:16 AM,72.82,1000,72820,CXA,
11:42:13 AM,72.82,82,5971.24,ASX,
11:42:07 AM,72.78,50,3639,ASX,
11:42:06 AM,72.81,810,58976.1,CXA,
11:42:04 AM,72.8,13,946.4,ASX,
11:42:04 AM,72.8,28,2038.4,ASX,
11:42:04 AM,72.8,54,3931.2,ASX,
11:42:04 AM,72.8,35,2548,ASX,
11:42:01 AM,72.8,102,7425.6,ASX,
11:41:58 AM,72.82,55,4005.1,ASX,
11:41:05 AM,72.84,12,874.08,ASX,
11:41:05 AM,72.85,10,728.5,ASX,
11:41:05 AM,72.85,807,58789.95,ASX,
11:41:04 AM,72.87,70,5100.9,CXA,
11:41:04 AM,72.85,193,14060.05,ASX,
11:40:59 AM,72.9,27,1968.3,ASX,
11:40:59 AM,72.9,247,18006.3,ASX,
11:40:39 AM,72.89,67,4883.63,ASX,
11:40:15 AM,72.89,150,10933.5,ASX,
11:40:11 AM,72.93,13,948.09,CXA,
11:40:05 AM,72.95,200,14590,ASX,
11:39:52 AM,73.04,495,36154.8,ASX,
11:39:30 AM,73.01,318,23217.18,ASX,
11:38:54 AM,72.88,511,37241.68,ASX,
11:38:54 AM,72.88,150,10932,ASX,
11:38:54 AM,72.88,238,17345.44,ASX,
11:38:54 AM,72.88,150,10932,ASX,
11:38:53 AM,72.9,57,4155.3,ASX,
11:38:50 AM,72.92,436,31793.12,CXA,
11:38:49 AM,72.92,685,49950.2,ASX,
11:38:46 AM,72.9,135,9841.5,ASX,
11:38:21 AM,72.94,700,51058,CXA,
11:38:20 AM,72.94,270,19693.8,ASX,
11:37:33 AM,72.9,136,9914.4,ASX,
11:37:33 AM,72.9,274,19974.6,ASX,
11:37:30 AM,72.95,426,31076.7,ASX,
11:37:26 AM,73,50,3650,ASX,
11:37:18 AM,73,13,949,CXA,
11:37:18 AM,73.01,400,29204,CXA,
11:36:35 AM,72.97,70,5107.9,CXA,
11:36:30 AM,72.97,392,28604.24,ASX,
11:36:30 AM,72.97,150,10945.5,ASX,
11:36:30 AM,72.98,222,16201.56,CXA,
11:36:25 AM,72.98,150,10947,ASX,
11:36:25 AM,73,41,2993,ASX,
11:36:12 AM,73.01,16,1168.16,ASX,
11:35:18 AM,73.01,13,949.13,CXA,
11:35:17 AM,73.02,100,7302,CXA,
11:35:16 AM,73.02,67,4892.34,CXA,
11:35:16 AM,73.02,100,7302,CXA,
11:35:08 AM,72.99,24,1751.76,CXA,
11:35:06 AM,73.02,90,6571.8,ASX,
11:34:58 AM,73.04,350,25564,CXA,
11:34:36 AM,73.01,100,7301,CXA,
11:34:05 AM,72.97,800,58376,CXA,
11:34:04 AM,72.97,8,583.76,ASX,
11:33:31 AM,72.92,411,29970.12,CXA,
11:33:16 AM,72.9,341,24858.9,CXA,
11:33:10 AM,72.88,291,21208.08,ASX,
11:33:10 AM,72.88,52,3789.76,ASX,
11:33:06 AM,72.9,164,11955.6,ASX,
11:32:57 AM,72.93,54,3938.22,CXA,
11:32:54 AM,72.9,203,14798.7,ASX,
11:32:52 AM,72.94,82,5981.08,CXA,
11:32:44 AM,72.95,127,9264.65,ASX,
11:32:44 AM,72.95,150,10942.5,ASX,
11:32:33 AM,72.95,150,10942.5,ASX,
11:32:33 AM,72.96,20,1459.2,CXA,
11:32:23 AM,72.97,41,2991.77,ASX,
11:32:15 AM,73.02,20,1460.4,CXA,
11:32:10 AM,73,100,7300,ASX,
11:32:06 AM,73.03,136,9932.08,ASX,
11:31:32 AM,73.06,137,10009.22,ASX,
11:31:32 AM,73.06,12,876.72,ASX,
11:31:19 AM,73.03,1215,88731.45,CXA,
11:31:19 AM,73.03,161,11757.83,CXA,
11:31:17 AM,73.01,191,13944.91,ASX,
11:31:14 AM,72.97,115,8391.55,ASX,
11:31:12 AM,72.96,286,20866.56,ASX,
11:31:12 AM,72.96,138,10068.48,ASX,
11:31:12 AM,72.96,261,19042.56,ASX,
11:31:09 AM,73,205,14965,ASX,
11:31:09 AM,73,69,5037,ASX,
11:31:09 AM,73,136,9928,ASX,
11:31:09 AM,73,17,1241,ASX,
11:31:09 AM,73,183,13359,ASX,
11:31:09 AM,73,71,5183,ASX,
11:31:09 AM,73,55,4015,ASX,XT
11:31:09 AM,73,25,1825,ASX,XT
11:31:09 AM,73,13,949,ASX,
11:31:09 AM,73,13,949,ASX,
11:31:09 AM,73,205,14965,ASX,
11:31:09 AM,73,110,8030,ASX,
11:31:09 AM,73,150,10950,ASX,
11:31:09 AM,73.01,13,949.13,ASX,
11:31:06 AM,73.06,136,9936.16,ASX,
11:30:47 AM,73.1,68,4970.8,ASX,
11:30:47 AM,73.11,108,7895.88,ASX,
11:30:41 AM,73.1,30,2193,ASX,
11:30:41 AM,73.1,13,950.3,ASX,
11:30:41 AM,73.11,136,9942.96,ASX,
11:30:40 AM,73.12,500,36560,ASX,
11:30:37 AM,73.15,222,16239.3,ASX,
11:30:37 AM,73.15,260,19019,ASX,
11:30:24 AM,73.15,218,15946.7,ASX,
11:30:10 AM,73.24,42,3076.08,ASX,
11:30:01 AM,73.15,309,22603.35,ASX,
11:29:53 AM,73.15,20,1463,ASX,
11:29:46 AM,73.17,300,21951,ASX,
11:29:07 AM,73.2,54,3952.8,ASX,
11:29:07 AM,73.2,150,10980,ASX,
11:28:52 AM,73.17,7,512.19,CXA,
11:28:48 AM,73.15,10,731.5,CXA,
11:28:42 AM,73.17,163,11926.71,CXA,
11:28:38 AM,73.2,136,9955.2,CXA,
11:28:38 AM,73.16,52,3804.32,ASX,
11:28:38 AM,73.16,280,20484.8,ASX,
11:28:38 AM,73.17,52,3804.84,ASX,
11:28:37 AM,73.2,40,2928,ASX,
11:28:36 AM,73.21,362,26502.02,ASX,
11:28:36 AM,73.22,69,5052.18,ASX,
11:28:35 AM,73.22,302,22112.44,ASX,
11:28:23 AM,73.23,78,5711.94,ASX,
11:28:23 AM,73.23,150,10984.5,ASX,
11:28:19 AM,73.25,140,10255,ASX,
11:27:58 AM,73.24,14,1025.36,CXA,
11:27:45 AM,73.17,102,7463.34,ASX,
11:27:31 AM,73.18,140,10245.2,CXA,
11:27:06 AM,73.18,90,6586.2,ASX,
11:27:04 AM,73.16,136,9949.76,ASX,
11:26:47 AM,73.18,50,3659,ASX,
11:26:47 AM,73.19,124,9075.56,ASX,
11:26:47 AM,73.18,150,10977,ASX,
11:26:42 AM,73.21,13,951.73,ASX,
11:26:41 AM,73.2,50,3660,ASX,
11:26:11 AM,73.15,9,658.35,ASX,
11:26:03 AM,73.21,68,4978.28,ASX,
11:25:50 AM,73.24,318,23290.32,ASX,
11:25:50 AM,73.27,200,14654,CXA,
11:25:43 AM,73.27,1365,100013.55,CXA,
11:25:40 AM,73.26,14,1025.64,CXA,
11:25:37 AM,73.26,45,3296.7,ASX,
11:25:36 AM,73.24,272,19921.28,ASX,
11:25:34 AM,73.23,393,28779.39,ASX,
11:25:30 AM,73.2,18,1317.6,ASX,
11:25:13 AM,73.16,200,14632,ASX,
11:25:05 AM,73.2,1371,100357.2,ASX,
11:25:05 AM,73.2,136,9955.2,ASX,
11:25:05 AM,73.2,440,32208,ASX,
11:25:05 AM,73.21,150,10981.5,ASX,
11:25:03 AM,73.23,9,659.07,ASX,
11:25:02 AM,73.21,182,13324.22,CXA,
11:25:02 AM,73.21,254,18595.34,CXA,
11:24:55 AM,73.26,80,5860.8,ASX,
11:24:39 AM,73.26,1,73.26,ASX,
11:24:39 AM,73.26,67,4908.42,ASX,
11:24:38 AM,73.24,424,31053.76,ASX,
11:24:35 AM,73.2,244,17860.8,ASX,
11:24:35 AM,73.2,6,439.2,ASX,XT
11:24:32 AM,73.3,15,1099.5,CXA,
11:24:25 AM,73.3,202,14806.6,ASX,
11:24:22 AM,73.35,13,953.55,ASX,
11:24:13 AM,73.35,67,4914.45,ASX,
11:24:13 AM,73.4,2786,204492.4,ASX,
11:24:13 AM,73.4,466,34204.4,ASX,
11:24:13 AM,73.4,150,11010,ASX,
11:23:59 AM,73.42,50,3671,ASX,
11:23:58 AM,73.48,650,47762,CXA,
11:23:56 AM,73.48,7,514.36,CXA,
11:23:43 AM,73.44,14,1028.16,CXA,
11:23:36 AM,73.37,100,7337,ASX,
11:23:36 AM,73.38,435,31920.3,ASX,
11:23:36 AM,73.38,150,11007,ASX,
11:23:28 AM,73.38,584,42853.92,CXA,
11:23:28 AM,73.38,1400,102732,CXA,
11:23:28 AM,73.38,192,14088.96,CXA,
11:23:28 AM,73.38,168,12327.84,CXA,
11:23:28 AM,73.38,238,17464.44,CXA,
11:23:28 AM,73.38,1033,75801.54,CXA,
11:23:28 AM,73.38,1605,117774.9,CXA,
11:23:28 AM,73.38,731,53640.78,CXA,
11:23:28 AM,73.38,209,15336.42,CXA,
11:23:28 AM,73.38,871,63913.98,CXA,
11:23:28 AM,73.38,209,15336.42,CXA,
11:23:28 AM,73.37,1022,74984.14,CXA,
11:23:14 AM,73.32,14,1026.48,ASX,
11:23:06 AM,73.32,97,7112.04,ASX,
11:23:06 AM,73.32,40,2932.8,ASX,
11:23:05 AM,73.32,2,146.64,CXA,
11:23:04 AM,73.32,68,4985.76,CXA,
11:23:04 AM,73.31,50,3665.5,ASX,
11:23:03 AM,73.33,21,1539.93,ASX,
11:22:58 AM,73.35,6,440.1,CXA,
11:22:43 AM,73.31,15,1099.65,CXA,
11:22:31 AM,73.25,150,10987.5,ASX,
11:22:30 AM,73.24,905,66282.2,ASX,
11:22:30 AM,73.25,2500,183125,ASX,
11:22:30 AM,73.24,135,9887.4,CXA,
11:22:30 AM,73.24,1023,74924.52,CXA,
11:22:30 AM,73.24,1342,98288.08,CXA,
11:22:30 AM,73.25,2500,183125,CXA,
11:22:25 AM,73.67,13,957.71,ASX,
11:22:24 AM,73.67,6,442.02,ASX,
11:22:17 AM,73.67,68,5009.56,ASX,
11:22:15 AM,73.68,622,45828.96,ASX,
11:22:15 AM,73.68,63,4641.84,ASX,
11:22:15 AM,73.68,14,1031.52,ASX,
11:22:15 AM,73.68,27,1989.36,ASX,
11:21:59 AM,73.68,13,957.84,ASX,
11:21:53 AM,73.68,33,2431.44,ASX,
11:21:38 AM,73.18,300,21954,CXA,
11:21:38 AM,73.23,150,10984.5,CXA,
11:21:36 AM,73.23,50,3661.5,CXA,
11:21:35 AM,73.23,5,366.15,CXA,
11:21:31 AM,73.2,363,26571.6,ASX,
11:21:31 AM,73.23,55,4027.65,ASX,
11:21:31 AM,73.25,70,5127.5,CXA,
11:21:03 AM,73.2,236,17275.2,ASX,
11:21:03 AM,73.2,600,43920,ASX,
11:21:03 AM,73.2,1164,85204.8,ASX,
11:21:03 AM,73.2,8000,585600,ASX,
11:21:03 AM,73.2,3067,224504.4,CXA,
11:20:39 AM,73.13,423,30933.99,ASX,
11:20:39 AM,73.13,150,10969.5,ASX,
11:20:34 AM,73.13,186,13602.18,ASX,
11:20:34 AM,73.13,600,43878,ASX,
11:20:10 AM,73.08,10,730.8,ASX,
11:20:00 AM,73.12,1093,79920.16,ASX,
11:19:48 AM,73.14,150,10971,CXA,
11:19:36 AM,73.12,60,4387.2,CXA,
11:19:18 AM,73.09,80,5847.2,ASX,
11:19:04 AM,73.02,41,2993.82,ASX,
11:18:56 AM,73.03,120,8763.6,CXA,
11:18:49 AM,73,12,876,ASX,
11:18:37 AM,73,25,1825,ASX,
11:18:06 AM,72.98,1300,94874,CXA,
11:17:45 AM,72.99,400,29196,CXA,
11:17:44 AM,72.98,3763,274623.74,ASX,
11:17:44 AM,72.98,412,30067.76,ASX,
11:17:44 AM,72.98,7485,546255.3,CXA,
11:17:27 AM,72.96,15,1094.4,CXA,
11:17:16 AM,72.9,27,1968.3,ASX,
11:17:10 AM,72.92,73,5323.16,ASX,
11:17:10 AM,72.92,345,25157.4,ASX,
11:17:10 AM,72.93,73,5323.89,ASX,
11:17:09 AM,72.93,278,20274.54,ASX,
11:17:09 AM,72.93,73,5323.89,ASX,
11:17:09 AM,72.94,71,5178.74,ASX,
11:17:09 AM,72.94,351,25601.94,ASX,
11:17:09 AM,72.95,71,5179.45,ASX,
11:17:03 AM,72.99,42,3065.58,CXA,CX
11:17:01 AM,73,14,1022,ASX,
11:16:51 AM,73.02,110,8032.2,CXA,
11:16:43 AM,72.99,200,14598,ASX,
11:16:39 AM,73.04,370,27024.8,CXA,
11:16:34 AM,72.99,200,14598,CXA,
11:16:33 AM,73.01,275,20077.75,ASX,
11:16:26 AM,73.02,1368,99891.36,CXA,
11:16:10 AM,72.96,461,33634.56,ASX,
11:16:02 AM,73,200,14600,CXA,
11:16:01 AM,72.99,67,4890.33,ASX,
11:16:00 AM,72.99,130,9488.7,ASX,
11:15:46 AM,72.98,200,14596,ASX,
11:15:40 AM,72.89,175,12755.75,ASX,
11:15:40 AM,72.89,150,10933.5,ASX,
11:15:23 AM,72.94,28,2042.32,ASX,
11:14:51 AM,72.84,15,1092.6,ASX,
11:14:49 AM,72.81,311,22643.91,ASX,
11:14:49 AM,72.81,185,13469.85,ASX,
11:14:40 AM,72.82,5,364.1,CXA,
11:14:38 AM,72.75,120,8730,CXA,
11:14:31 AM,72.84,137,9979.08,CXA,
11:14:25 AM,72.8,343,24970.4,ASX,
11:14:25 AM,72.8,138,10046.4,ASX,
11:14:25 AM,72.8,549,39967.2,ASX,
11:14:25 AM,72.81,47,3422.07,ASX,
11:14:25 AM,72.81,103,7499.43,ASX,
11:14:25 AM,72.81,47,3422.07,ASX,
11:14:25 AM,72.81,123,8955.63,ASX,
11:14:25 AM,72.81,47,3422.07,ASX,
11:14:25 AM,72.81,551,40118.31,ASX,
11:14:25 AM,72.81,150,10921.5,ASX,
11:14:25 AM,72.82,170,12379.4,ASX,
11:14:25 AM,72.82,409,29783.38,ASX,
11:14:25 AM,72.83,170,12381.1,ASX,
11:14:25 AM,72.83,415,30224.45,ASX,
11:14:25 AM,72.84,569,41445.96,ASX,
11:14:25 AM,72.84,20,1456.8,ASX,
11:14:25 AM,72.84,150,10926,ASX,
11:14:25 AM,72.85,569,41451.65,ASX,
11:14:24 AM,72.93,60,4375.8,CXA,
11:14:14 AM,72.88,70,5101.6,ASX,
11:14:11 AM,72.82,140,10194.8,CXA,
11:14:10 AM,72.89,13,947.57,ASX,
11:14:03 AM,72.87,34,2477.58,ASX,
11:13:54 AM,72.92,69,5031.48,ASX,
11:13:48 AM,72.88,655,47736.4,CXA,
11:13:44 AM,72.87,130,9473.1,CXA,
11:13:37 AM,72.94,9,656.46,ASX,
11:13:21 AM,72.8,7500,546000,ASX,
11:13:21 AM,72.8,486,35380.8,ASX,
11:13:21 AM,72.8,2984,217235.2,CXA,
11:13:06 AM,72.83,611,44499.13,ASX,
11:13:05 AM,72.86,20,1457.2,CXA,
11:13:04 AM,72.91,81,5905.71,CXA,
11:13:04 AM,72.91,75,5468.25,CXA,
11:12:51 AM,72.83,177,12890.91,ASX,
11:12:40 AM,72.83,134,9759.22,ASX,
11:12:40 AM,72.83,3,218.49,ASX,
11:12:40 AM,72.8,137,9973.6,ASX,
11:12:40 AM,72.8,100,7280,ASX,
11:12:26 AM,72.9,497,36231.3,ASX,
11:12:26 AM,72.91,3,218.73,CXA,
11:12:21 AM,72.89,522,38048.58,ASX,
11:12:21 AM,72.9,518,37762.2,ASX,
11:12:16 AM,72.86,27,1967.22,CXA,
11:12:13 AM,72.9,137,9987.3,ASX,
11:12:09 AM,72.87,409,29803.83,ASX,
11:12:09 AM,72.87,499,36362.13,ASX,
11:12:08 AM,72.87,464,33811.68,ASX,
11:12:08 AM,72.89,137,9985.93,ASX,
11:11:58 AM,72.96,499,36407.04,ASX,
11:11:46 AM,73.01,54,3942.54,ASX,
11:11:25 AM,73,3,219,ASX,
11:11:25 AM,73,297,21681,ASX,
11:11:23 AM,73,136,9928,ASX,
11:11:23 AM,73,700,51100,ASX,
11:11:22 AM,73.05,150,10957.5,ASX,
11:11:11 AM,73.17,123,8999.91,ASX,
11:11:11 AM,73.17,150,10975.5,ASX,
11:11:06 AM,73.2,500,36600,ASX,
11:11:02 AM,73.28,350,25648,CXA,
11:10:59 AM,73.32,41,3006.12,ASX,
11:10:50 AM,73.37,40,2934.8,CXA,
11:10:47 AM,73.39,50,3669.5,ASX,
11:10:46 AM,73.39,55,4036.45,ASX,
11:10:46 AM,73.39,150,11008.5,ASX,
11:10:35 AM,73.41,426,31272.66,ASX,
11:10:35 AM,73.4,16,1174.4,ASX,
11:10:35 AM,73.4,51,3743.4,ASX,
11:10:35 AM,73.4,16,1174.4,ASX,
11:10:35 AM,73.4,67,4917.8,ASX,
11:10:35 AM,73.4,20,1468,ASX,
11:10:35 AM,73.39,63,4623.57,ASX,
11:10:35 AM,73.39,87,6384.93,ASX,
11:10:35 AM,73.4,83,6092.2,ASX,
11:10:35 AM,73.4,170,12478,ASX,
11:10:35 AM,73.39,403,29576.17,ASX,
11:10:35 AM,73.37,422,30962.14,ASX,
11:10:35 AM,73.37,104,7630.48,ASX,
11:10:35 AM,73.36,572,41961.92,ASX,
11:10:34 AM,73.35,558,40929.3,ASX,
11:10:34 AM,73.34,556,40777.04,ASX,
11:10:28 AM,73.36,137,10050.32,CXA,
11:10:28 AM,73.36,140,10270.4,ASX,
11:10:26 AM,73.36,678,49738.08,ASX,
11:10:22 AM,73.39,14,1027.46,ASX,
11:10:17 AM,73.37,25,1834.25,ASX,
11:10:16 AM,73.39,150,11008.5,ASX,
11:10:14 AM,73.41,150,11011.5,ASX,
11:10:13 AM,73.45,218,16012.1,ASX,
11:10:13 AM,73.45,282,20712.9,ASX,
11:10:08 AM,73.49,737,54162.13,ASX,
11:10:08 AM,73.51,727,53441.77,ASX,
11:10:08 AM,73.5,24,1764,ASX,
11:10:05 AM,73.54,626,46036.04,ASX,
11:09:53 AM,73.7,688,50705.6,ASX,
11:09:43 AM,73.78,150,11067,CXA,
11:09:43 AM,73.71,151,11130.21,ASX,
11:09:43 AM,73.71,600,44226,ASX,
11:09:41 AM,73.7,23,1695.1,ASX,
11:09:41 AM,73.7,310,22847,ASX,
11:09:41 AM,73.7,10,737,ASX,
11:09:41 AM,73.7,12,884.4,ASX,
11:09:41 AM,73.7,23,1695.1,ASX,
11:09:41 AM,73.7,212,15624.4,ASX,
11:09:41 AM,73.7,80,5896,ASX,
11:09:41 AM,73.67,10,736.7,ASX,
11:09:40 AM,73.66,58,4272.28,ASX,
11:09:40 AM,73.65,1000,73650,ASX,
11:09:36 AM,73.61,981,72211.41,ASX,XT
11:09:36 AM,73.6,263,19356.8,ASX,
11:09:20 AM,73.45,123,9034.35,ASX,
11:09:19 AM,73.5,60,4410,ASX,
11:09:13 AM,73.46,2197,161391.62,CXA,
11:09:13 AM,73.46,291,21376.86,CXA,
11:09:07 AM,73.46,41,3011.86,ASX,
11:09:02 AM,73.38,243,17831.34,ASX,
11:09:02 AM,73.38,438,32140.44,ASX,
11:08:55 AM,73.27,271,19856.17,ASX,
11:08:49 AM,73.15,500,36575,ASX,
11:08:49 AM,73.14,45,3291.3,ASX,
11:07:59 AM,73.02,136,9930.72,CXA,
11:07:57 AM,73.02,10,730.2,ASX,
11:07:54 AM,73.01,20,1460.2,ASX,
11:07:48 AM,73,136,9928,ASX,
11:07:48 AM,73,41,2993,ASX,
11:07:48 AM,73,9,657,ASX,
11:07:48 AM,73,5,365,ASX,
11:07:48 AM,73,260,18980,ASX,
11:07:48 AM,73,35,2555,ASX,
11:07:48 AM,73,136,9928,ASX,
11:07:48 AM,73,136,9928,ASX,
11:07:36 AM,73.04,250,18260,ASX,
11:07:36 AM,73.04,135,9860.4,ASX,
11:07:35 AM,73.04,74,5404.96,ASX,
11:07:35 AM,73.04,41,2994.64,ASX,
11:07:22 AM,73.05,288,21038.4,ASX,
11:07:13 AM,73.05,13,949.65,ASX,
11:06:52 AM,73.11,550,40210.5,CXA,
11:06:30 AM,73.11,382,27928.02,CXA,
11:06:28 AM,73.11,69,5044.59,CXA,
11:06:20 AM,73.1,13,950.3,CXA,
11:06:09 AM,73.1,100,7310,CXA,
11:06:07 AM,73.1,1127,82383.7,ASX,
11:06:07 AM,73.1,150,10965,ASX,
11:06:02 AM,73.11,34,2485.74,ASX,
11:05:55 AM,73.13,10,731.3,ASX,
11:05:54 AM,73.1,223,16301.3,ASX,
11:05:54 AM,73.1,8,584.8,ASX,
11:05:33 AM,73.14,480,35107.2,CXA,
11:05:31 AM,73.14,512,37447.68,ASX,
11:05:11 AM,73.11,20,1462.2,CXA,
11:05:05 AM,73.13,659,48192.67,CXA,
11:04:57 AM,73.11,123,8992.53,ASX,
11:04:57 AM,73.12,517,37803.04,ASX,
11:04:57 AM,73.12,20,1462.4,ASX,
11:04:57 AM,73.12,218,15940.16,ASX,
11:04:56 AM,73.12,8,584.96,ASX,
11:04:55 AM,73.12,507,37071.84,ASX,
11:04:55 AM,73.12,335,24495.2,ASX,
11:04:50 AM,73.15,500,36575,CXA,
11:04:44 AM,73.13,200,14626,ASX,
11:04:18 AM,73.12,957,69975.84,ASX,
11:04:18 AM,73.12,411,30052.32,ASX,
11:04:16 AM,73.12,28,2047.36,CXA,
11:03:52 AM,73.12,34,2486.08,CXA,
11:03:51 AM,73.12,8,584.96,ASX,
11:03:45 AM,73.1,13,950.3,ASX,
11:03:32 AM,73.13,65,4753.45,ASX,
11:03:23 AM,73.13,67,4899.71,ASX,
11:03:19 AM,73.12,44,3217.28,CXA,
11:03:17 AM,73.12,68,4972.16,CXA,
11:03:13 AM,73.13,68,4972.84,ASX,XT
11:03:06 AM,73.1,280,20468,ASX,
11:02:52 AM,73.03,660,48199.8,CXA,
11:02:38 AM,73.08,68,4969.44,CXA,
11:02:35 AM,73.07,55,4018.85,ASX,
11:02:30 AM,73.11,150,10966.5,CXA,
11:02:29 AM,73.1,136,9941.6,ASX,
11:02:21 AM,73.13,20,1462.6,ASX,
11:02:16 AM,73.13,100,7313,ASX,
11:01:35 AM,73.12,27,1974.24,ASX,
11:01:26 AM,73.14,14,1023.96,CXA,
11:01:23 AM,73.15,100,7315,CXA,
11:01:15 AM,73.15,40,2926,ASX,
11:01:12 AM,73.13,471,34444.23,ASX,
11:00:56 AM,73.15,409,29918.35,CXA,
11:00:55 AM,73.15,34,2487.1,CXA,
11:00:43 AM,73.14,415,30353.1,ASX,
11:00:38 AM,73.13,95,6947.35,CXA,
11:00:30 AM,73.14,13,950.82,ASX,
11:00:20 AM,73.09,11,803.99,ASX,
11:00:01 AM,73.04,572,41778.88,ASX,
11:00:01 AM,73.04,709,51785.36,ASX,
11:00:01 AM,73.04,198,14461.92,ASX,
11:00:01 AM,73.04,50,3652,ASX,
10:59:58 AM,73.04,25,1826,ASX,
10:59:50 AM,73.03,62,4527.86,ASX,
10:59:40 AM,73,100,7300,ASX,
10:59:34 AM,73,415,30295,ASX,
10:59:34 AM,73,85,6205,ASX,
10:59:34 AM,73,65,4745,ASX,
10:59:34 AM,73,85,6205,ASX,
10:59:34 AM,73,70,5110,ASX,
10:59:34 AM,73,104,7592,ASX,
10:59:34 AM,73,32,2336,ASX,
10:59:34 AM,73,136,9928,ASX,
10:59:34 AM,73,50,3650,ASX,
10:59:34 AM,73,200,14600,ASX,
10:59:34 AM,73,84,6132,ASX,
10:59:30 AM,73.02,138,10076.76,ASX,
10:59:30 AM,73,41,2993,ASX,XT
10:59:30 AM,73,68,4964,ASX,
10:59:30 AM,73,41,2993,ASX,
10:59:30 AM,73.02,135,9857.7,CXA,
10:59:26 AM,73.04,680,49667.2,CXA,
10:59:24 AM,73.04,50,3652,CXA,
10:59:18 AM,73.03,27,1971.81,ASX,
10:59:18 AM,73.04,461,33671.44,ASX,
10:59:17 AM,73.05,465,33968.25,ASX,
10:59:17 AM,73.06,44,3214.64,ASX,
10:59:17 AM,73.07,71,5187.97,ASX,
10:59:15 AM,73.09,9,657.81,ASX,
10:59:14 AM,73.11,88,6433.68,CXA,
10:59:11 AM,73.09,50,3654.5,ASX,
10:59:11 AM,73.09,150,10963.5,ASX,
10:59:07 AM,73.12,68,4972.16,CXA,
10:59:04 AM,73.1,28,2046.8,ASX,
10:59:04 AM,73.1,273,19956.3,ASX,
10:59:02 AM,73.11,150,10966.5,ASX,
10:58:41 AM,73.17,69,5048.73,CXA,
10:58:23 AM,73.18,1,73.18,ASX,
10:58:23 AM,73.17,68,4975.56,ASX,
10:58:18 AM,73.16,150,10974,ASX,
10:58:18 AM,73.18,137,10025.66,ASX,
10:58:16 AM,73.19,719,52623.61,ASX,
10:58:16 AM,73.19,150,10978.5,ASX,
10:58:16 AM,73.19,805,58917.95,CXA,
10:58:16 AM,73.19,232,16980.08,CXA,
10:58:15 AM,73.19,133,9734.27,CXA,
10:58:15 AM,73.19,223,16321.37,CXA,
10:58:09 AM,73.23,700,51261,ASX,
10:57:58 AM,73.24,275,20141,CXA,
10:57:36 AM,73.21,90,6588.9,CXA,
10:57:32 AM,73.18,124,9074.32,ASX,
10:57:30 AM,73.18,12,878.16,ASX,
10:57:27 AM,73.22,546,39978.12,CXA,
10:57:20 AM,73.22,68,4978.96,CXA,
10:57:13 AM,73.21,96,7028.16,ASX,
10:57:11 AM,73.21,33,2415.93,ASX,
10:57:11 AM,73.2,68,4977.6,ASX,
10:57:11 AM,73.2,700,51240,ASX,
10:57:11 AM,73.2,68,4977.6,ASX,
10:57:10 AM,73.22,200,14644,CXA,
10:57:06 AM,73.22,655,47959.1,ASX,
10:56:57 AM,73.25,127,9302.75,ASX,
10:56:57 AM,73.25,332,24319,ASX,
10:56:57 AM,73.25,364,26663,CXA,
10:56:55 AM,73.24,68,4980.32,CXA,
10:56:53 AM,73.25,7,512.75,CXA,
10:56:52 AM,73.25,27,1977.75,ASX,
10:56:52 AM,73.25,100,7325,ASX,
10:56:50 AM,73.26,19,1391.94,ASX,
10:56:41 AM,73.25,137,10035.25,CXA,
10:56:34 AM,73.24,100,7324,ASX,
10:56:32 AM,73.25,1000,73250,CXA,
10:56:19 AM,73.24,70,5126.8,CXA,
10:56:13 AM,73.22,46,3368.12,ASX,
10:56:13 AM,73.22,80,5857.6,CXA,
10:56:08 AM,73.26,140,10256.4,CXA,
10:56:06 AM,73.25,100,7325,ASX,
10:56:00 AM,73.26,222,16263.72,ASX,
10:55:51 AM,73.26,68,4981.68,CXA,
10:55:38 AM,73.25,54,3955.5,ASX,
10:55:32 AM,73.3,1365,100054.5,ASX,
10:55:28 AM,73.27,30,2198.1,ASX,
10:55:22 AM,73.3,70,5131,CXA,
10:55:14 AM,73.17,56,4097.52,CXA,
10:55:12 AM,73.23,350,25630.5,ASX,
10:55:05 AM,73.2,80,5856,ASX,
10:55:05 AM,73.2,92,6734.4,ASX,
10:55:05 AM,73.2,308,22545.6,ASX,
10:55:04 AM,73.23,50,3661.5,CXA,
10:54:53 AM,73.29,100,7329,CXA,
10:54:51 AM,73.29,50,3664.5,ASX,
10:54:49 AM,73.29,250,18322.5,ASX,
10:54:43 AM,73.29,136,9967.44,CXA,
10:54:41 AM,73.27,68,4982.36,ASX,
10:54:40 AM,73.28,136,9966.08,ASX,
10:54:38 AM,73.25,400,29300,ASX,
10:54:32 AM,73.24,68,4980.32,CXA,
10:54:27 AM,73.17,150,10975.5,CXA,
10:54:25 AM,73.23,140,10252.2,ASX,
10:54:12 AM,73.17,107,7829.19,CXA,
10:54:12 AM,73.16,150,10974,ASX,
10:54:12 AM,73.17,30,2195.1,ASX,
10:54:12 AM,73.18,150,10977,ASX,
10:54:04 AM,73.24,20,1464.8,ASX,
10:54:03 AM,73.22,397,29068.34,ASX,
10:54:03 AM,73.23,15,1098.45,ASX,
10:54:03 AM,73.23,45,3295.35,ASX,
10:54:03 AM,73.23,340,24898.2,ASX,
10:53:59 AM,73.27,108,7913.16,CXA,
10:53:37 AM,73.24,340,24901.6,CXA,
10:53:33 AM,73.22,140,10250.8,ASX,
10:53:23 AM,73.28,300,21984,ASX,
10:53:21 AM,73.27,136,9964.72,ASX,
10:53:18 AM,73.24,95,6957.8,ASX,
10:53:18 AM,73.24,246,18017.04,ASX,
10:53:15 AM,73.26,68,4981.68,ASX,
10:53:14 AM,73.27,26,1905.02,ASX,
10:53:11 AM,73.3,272,19937.6,CXA,
10:53:03 AM,73.3,400,29320,ASX,
10:52:59 AM,73.26,10,732.6,CXA,
10:52:56 AM,73.26,204,14945.04,CXA,
10:52:55 AM,73.26,747,54725.22,ASX,
10:52:55 AM,73.26,54,3956.04,ASX,
10:52:42 AM,73.33,10,733.3,CXA,
10:52:31 AM,73.17,243,17780.31,ASX,
10:52:25 AM,73.2,55,4026,CXA,
10:52:22 AM,73.2,93,6807.6,CXA,
10:52:19 AM,73.18,12,878.16,ASX,
10:52:14 AM,73.2,200,14640,CXA,
10:52:10 AM,73.21,135,9883.35,CXA,
10:52:00 AM,73.26,316,23150.16,ASX,
10:52:00 AM,73.26,30,2197.8,ASX,
10:52:00 AM,73.26,120,8791.2,ASX,
10:52:00 AM,73.28,150,10992,ASX,
10:51:46 AM,73.29,5,366.45,CXA,
10:51:42 AM,73.26,136,9963.36,CXA,
10:51:41 AM,73.25,25,1831.25,ASX,
10:51:35 AM,73.25,357,26150.25,ASX,
10:51:34 AM,73.32,100,7332,CXA,
10:51:30 AM,73.31,370,27124.7,ASX,
10:51:15 AM,73.25,1786,130824.5,ASX,
10:51:15 AM,73.25,165,12086.25,ASX,
10:51:15 AM,73.25,49,3589.25,ASX,
10:51:13 AM,73.23,69,5052.87,ASX,
10:51:11 AM,73.24,6463,473350.12,ASX,
10:51:11 AM,73.24,213,15600.12,ASX,
10:51:11 AM,73.24,150,10986,ASX,
10:51:06 AM,73.25,136,9962,ASX,
10:51:05 AM,73.25,67,4907.75,ASX,
10:50:55 AM,73.25,100,7325,ASX,
10:50:55 AM,73.25,50,3662.5,ASX,
10:50:52 AM,73.27,142,10404.34,CXA,
10:50:49 AM,73.32,26,1906.32,ASX,
10:50:48 AM,73.3,8,586.4,ASX,
10:50:48 AM,73.3,24,1759.2,ASX,
10:50:45 AM,73.3,226,16565.8,ASX,
10:50:45 AM,73.3,13,952.9,ASX,
10:50:44 AM,73.33,7,513.31,ASX,
10:50:40 AM,73.35,30,2200.5,ASX,
10:50:34 AM,73.4,62,4550.8,ASX,
10:50:25 AM,73.38,57,4182.66,ASX,
10:50:21 AM,73.35,142,10415.7,CXA,
10:50:14 AM,73.33,8,586.64,ASX,
10:50:14 AM,73.33,237,17379.21,ASX,
10:50:14 AM,73.33,150,10999.5,ASX,
10:50:14 AM,73.33,136,9972.88,ASX,
10:50:12 AM,73.33,8,586.64,ASX,
10:50:12 AM,73.35,67,4914.45,ASX,
10:50:09 AM,73.35,50,3667.5,ASX,
10:50:06 AM,73.37,27,1980.99,ASX,
10:50:05 AM,73.38,305,22380.9,ASX,
10:50:05 AM,73.39,150,11008.5,ASX,
10:49:57 AM,73.42,22,1615.24,ASX,
10:49:54 AM,73.41,14,1027.74,ASX,
10:49:48 AM,73.37,101,7410.37,ASX,
10:49:41 AM,73.38,132,9686.16,ASX,
10:49:31 AM,73.37,295,21644.15,ASX,
10:49:29 AM,73.38,78,5723.64,ASX,
10:49:28 AM,73.38,15,1100.7,CXA,
10:49:22 AM,73.39,130,9540.7,CXA,
10:49:05 AM,73.41,700,51387,CXA,
10:49:02 AM,73.35,100,7335,ASX,
10:48:48 AM,73.31,48,3518.88,ASX,
10:48:48 AM,73.32,60,4399.2,ASX,
10:48:46 AM,73.33,13,953.29,ASX,
10:48:46 AM,73.34,316,23175.44,ASX,
10:48:40 AM,73.33,67,4913.11,ASX,
10:48:36 AM,73.36,108,7922.88,ASX,
10:48:35 AM,73.36,6,440.16,CXA,
10:48:28 AM,73.33,200,14666,ASX,
10:48:28 AM,73.33,150,10999.5,ASX,
10:48:12 AM,73.31,27,1979.37,CXA,
10:48:10 AM,73.32,30,2199.6,CXA,
10:48:06 AM,73.32,7,513.24,CXA,
10:48:05 AM,73.3,143,10481.9,ASX,
10:48:05 AM,73.34,500,36670,CXA,
10:47:54 AM,73.37,136,9978.32,CXA,
10:47:51 AM,73.35,136,9975.6,ASX,
10:47:45 AM,73.3,27,1979.1,CXA,
10:47:41 AM,73.3,85,6230.5,ASX,
10:47:41 AM,73.3,15,1099.5,ASX,
10:47:41 AM,73.31,54,3958.74,CXA,
10:47:40 AM,73.29,13,952.77,ASX,
10:47:37 AM,73.33,67,4913.11,CXA,
10:47:26 AM,73.3,494,36210.2,ASX,
10:47:26 AM,73.3,343,25141.9,CXA,
10:47:24 AM,73.3,276,20230.8,ASX,
10:47:04 AM,73.3,100,7330,ASX,
10:46:57 AM,73.32,27,1979.64,ASX,
10:46:57 AM,73.32,273,20016.36,ASX,
10:46:53 AM,73.32,29,2126.28,CXA,
10:46:51 AM,73.31,10,733.1,CXA,
10:46:46 AM,73.28,655,47998.4,CXA,
10:46:44 AM,73.27,17,1245.59,CXA,
10:46:40 AM,73.25,150,10987.5,ASX,
10:46:40 AM,73.27,68,4982.36,ASX,
10:46:19 AM,73.3,150,10995,CXA,
10:46:19 AM,73.3,22,1612.6,ASX,
10:46:19 AM,73.25,8,586,ASX,
10:46:19 AM,73.3,15,1099.5,ASX,
10:46:18 AM,73.3,122,8942.6,ASX,
10:46:18 AM,73.3,150,10995,ASX,
10:46:14 AM,73.27,136,9964.72,ASX,
10:46:10 AM,73.24,70,5126.8,ASX,
10:46:00 AM,73.27,350,25644.5,ASX,
10:45:56 AM,73.25,100,7325,ASX,
10:45:53 AM,73.25,20,1465,ASX,
10:45:41 AM,73.25,120,8790,ASX,
10:45:30 AM,73.24,42,3076.08,CXA,
10:45:24 AM,73.25,30,2197.5,ASX,XT
10:45:19 AM,73.25,482,35306.5,CXA,
10:45:19 AM,73.25,27,1977.75,ASX,
